3022 4936
620 329 836 393 „15-

143 490 254 568 derint,
285 511 343 550 non
375 492 553 568 affligamur.
603 491 660 551 Sed
690 494 808 552 etiamsi
836 494 862 553 εἰ
888 492 1028 573 ἐθέλομεν
1055 489 1241 554 κινδυνεύειν
1267 495 1316 553 hic

142 588 222 647 idem
244 588 307 647 fere
336 591 451 649 valeret
478 593 569 665 atque
596 582 637 666 ἢν
660 585 895 669 κινδυνεύωμεν,
923 596 1046 670 propter
1070 612 1105 651 ea
1127 611 1204 667 quae
1226 593 1315 651 modo

143 688 332 761 exposuimus
368 707 427 746 uon
464 689 572 746 iustior
609 687 704 747 videri
737 690 860 748 deberet
891 692 955 749 eius
992 690 1181 766 rutuperatio.
1236 690 1316 747 Nam

142 785 362 865 περιγίγνεσθαι
385 787 440 845 hoc
463 787 528 845 Ioco
552 786 656 844 eadem
675 787 791 846 ratione
809 789 940 863 posItum
960 794 1040 848 esset
1058 807 1117 865 qua
1135 787 1208 846 Iocis
1227 788 1315 845 modo

142 885 313 942 memoratis
342 883 468 959 simplex
496 883 659 962 γίγνεσθαι.
709 884 831 944 Summa
858 888 954 962 igilur
981 888 1070 945 buius
1101 884 1315 963 disputationis

141 982 213 1040 baec
232 985 280 1040 est
298 986 332 1040 ut
351 981 548 1057 Thucydides
574 981 600 1039 si
617 1001 758 1056 praesens
778 985 808 1043 vi
831 985 955 1060 perfecti
978 986 1159 1044 instructum
1181 988 1316 1060 praeter-

141 1081 311 1156 mittamus,
338 1081 488 1155 praesenti
514 1082 648 1154 tempore
676 1101 730 1155 pro
756 1082 858 1140 futuro
882 1102 942 1141 non
964 1103 1036 1141 usus
1061 1101 1126 1141 esse
1150 1083 1316 1141 censendus

141 1178 181 1236 sii
202 1178 262 1236 nisi
284 1180 314 1236 in
337 1177 437 1237 verbis
461 1196 537 1252 quae
560 1165 673 1252 aliquid
693 1178 758 1237 fieri
777 1180 918 1256 indicant,
942 1181 1099 1255 inquibus
1118 1182 1193 1256 ipsis
1213 1182 1317 1257 aliqua

140 1276 261 1334 futurae
283 1276 328 1334 rei
350 1277 432 1334 notio
455 1276 558 1334 lateat.
566 1268 592 1355 ¹)

214 1476 238 1541 1)
258 1473 342 1526 Suam
362 1473 417 1526 vim
438 1473 524 1527 habet
541 1489 672 1541 praesens
691 1472 720 1526 in
739 1475 854 1527 deorum
873 1477 901 1529 et
915 1478 1010 1530 vatum
1027 1476 1181 1544 praesagiis
1196 1474 1312 1542 (Herod.
1373 1514 1377 1522 .

140 1552 265 1609 1111140,
287 1559 345 1606 141.
370 1552 490 1605 1111177.
519 1551 603 1607 Arist.
618 1555 687 1621 Equ.
704 1558 762 1607 127.
781 1560 839 1607 129.
857 1560 907 1608 135
918 1560 978 1625 ορ),
998 1555 1046 1624 qui
1066 1556 1160 1609 sutura
1177 1560 1315 1623 tanquam

140 1634 299 1702 praesentia
321 1631 426 1686 vident.
464 1633 527 1685 Non
550 1633 585 1685 ad
604 1632 731 1686 futurum
753 1635 863 1701 tempus
888 1636 998 1703 spectat
1022 1633 1150 1704 ἔρχονται
1169 1633 1254 1688 Thac.
1276 1635 1317 1688 VI

139 1719 182 1780 40,
202 1720 217 1766 2
238 1713 286 1767 καλ
306 1711 333 1766 εἰ
351 1710 479 1781 ἔρχονται
501 1707 657 1780 Ἀθηναῖοι,
681 1707 832 1782 ἀμυνεῖται
856 1709 973 1781 αύτούς,
998 1732 1061 1768 cum
1081 1714 1265 1768 Athenienses
1287 1716 1317 1768 in

140 1796 240 1847 itinere
260 1811 319 1848 esse
338 1792 396 1846 iam
415 1795 499 1846 antea
517 1791 625 1862 (11132,
641 1796 667 1862 3)
687 1792 847 1847 nuntiatum
867 1796 911 1849 sit.
942 1795 1078 1849 Similiter
1096 1794 1165 1849 Xeu.
1187 1794 1248 1863 Cyr.
1264 1795 1318 1848 VII

142 1883 165 1942 1,
184 1881 218 1927 20
238 1869 289 1928 ε’κί
304 1893 335 1943 με
355 1868 471 1934 τούτους
492 1869 545 1941 ἕνα)
570 1869 656 1935 αύτός
679 1872 854 1943 παρέρχομαι
878 1875 923 1943 (ci.
944 1874 1053 1942 παριών
1072 1882 1087 1940 ἓ
1108 1877 1151 1943 19)
1177 1878 1205 1928 et
1224 1874 1315 1929 Anab.

139 1957 178 2010 IV
194 1962 218 2022 7,
233 1961 248 2008 3
264 1956 297 2025 τῇ
311 1950 366 2023 γὰρ
381 1953 496 2027 στρατιᾷ
511 1948 564 2005 oda
580 1950 637 2005 ἔστι
655 1949 690 2006 τὰ
709 1949 865 2024 ἐπιτήδεια,
886 1953 913 2009 εἰ
930 1953 968 2024 μὴ
987 1951 1142 2024 ληψόμεθα
1161 1950 1192 2008 τό
1212 1956 1316 2022 χεοριόν

139 2037 184 2103 (cf.
205 2042 220 2100 ἓ
241 2042 254 2089 1
274 2031 308 2088 τὰ
330 2031 475 2102 ἐπιτήδεια
496 2029 631 2101 ἐπέλιπε).
668 2033 772 2087 Contra
789 2033 870 2088 Hom.
890 2036 921 2090 Il.
941 2035 980 2086 XI
999 2041 1058 2088 365.
1078 2039 1131 2087 454
1155 2030 1265 2098 ἐξανύω
1287 2037 1319 2087 et

140 2113 266 2184 ἐρύουσι,
291 2133 352 2168 cum
372 2135 389 2167 υ
408 2113 522 2167 brevem
539 2114 676 2180 habeant,
701 2113 794 2166 futura
817 2116 884 2166 sunt
905 2131 957 2183 pro
977 2111 1103 2180 ε’ξανύσω
1124 2116 1152 2166 et
1172 2109 1312 2180 ἕρύσουσι.

138 2195 236 2266 Neque
259 2197 314 2249 huc
338 2192 479 2263 pertinent
502 2193 632 2247 infinitivi
654 2192 810 2261 praesentis
835 2196 964 2264 exempla
987 2212 1004 2248 a
1024 2194 1116 2248 verbis
1136 2193 1247 2247 dicendi
1267 2188 1325 2248 vel'

138 2277 256 2345 putandi
275 2274 423 2344 pendentis
443 2288 514 2340 quac
531 2271 645 2326 volendi
659 2275 827 2327 sententiam
844 2277 1062 2343 assumpserunt,
1081 2273 1163 2327 velut
1177 2275 1200 2325 si
1216 2275 1315 2326 δοκεῖν

139 2357 338 2423 decernere,
357 2354 450 2423 λέγειν
468 2353 585 2405 iubere
604 2353 626 2418 (I
647 2357 688 2418 78,
708 2359 732 2408 4.
761 2353 799 2406 IV
813 2361 838 2420 2,
854 2357 881 2423 3)
901 2353 984 2409 valet.
1014 2354 1053 2406 cf.
1074 2353 1139 2406 VIII
1158 2360 1200 2420 93,
1220 2360 1245 2419 2,
1265 2354 1317 2406 ubi

137 2435 266 2504 λέγοντες
285 2435 426 2503 duplicem
446 2432 503 2484 vim
522 2431 620 2499 habet,
646 2433 763 2485 alteram
786 2434 823 2486 ad
841 2433 995 2487 infinitivus
1014 2433 1101 2486 futuri
1121 2435 1168 2501 qui
1186 2435 1314 2502 proxime

138 2518 299 2584 sequuntur,
319 2515 437 2568 alteram
451 2515 486 2564 ad
501 2510 655 2565 infinitivos
670 2515 825 2579 praesentis
841 2517 870 2567 et
884 2513 983 2567 aoristi
997 2513 1046 2580 qui
1063 2513 1163 2567 deinde
1183 2514 1317 2582 leguntur

137 2597 242 2664 aptam.
280 2594 387 2648 Eodem
406 2595 489 2647 modo
514 2593 670 2662 explicatur
690 2595 728 2647 VI
747 2599 826 2657 88,6
851 2591 926 2647 ἔστιν
950 2585 988 2646 ὧν
1013 2590 1124 2646 πόλεων
1150 2589 1317 2661 ἐπαγγελλο-

137 2675 231 2745 μένων
250 2676 298 2729 καλ
318 2671 413 2728 αότῶν
432 2676 628 2744 ξυμπολεμεῐν,
647 2674 664 2728 i.
686 2691 709 2727 e.
729 2690 792 2727 cum
812 2675 920 2742 aliquot
938 2675 1021 2727 urbes
1041 2673 1125 2726 etiam
1145 2689 1195 2725 sua
1214 2676 1316 2740 sponte

138 2775 171 2810 se
187 2759 326 2825 paratos
342 2771 416 2808 esse
430 2757 627 2824 profiterentur
641 2755 676 2808 ad
691 2755 797 2808 bellum
808 2754 993 2809 communiter
1002 2752 1162 2823 gerendum.
1189 2751 1230 2804 cf.
1241 2752 1315 2808 Plat.

138 2837 222 2890 Lacb,
244 2842 294 2890 189
304 2835 331 2888 b.
352 2835 434 2904 Gorg.
454 2841 507 2888 458
519 2834 544 2887 (1.
571 2835 657 2902 Legg.
677 2841 764 2888 915a.
797 2833 931 2888 Similiter
949 2830 983 2888 οὗ
1003 2829 1095 2902 φάναι
1113 2848 1316 2899 nonnunquam

137 2933 296 2970 recusare
307 2914 392 2980 valet,
403 2915 481 2967 velut
490 2914 558 2967 Xon.
569 2913 656 2966 Anab.
666 2914 703 2967 IV
713 2921 737 2982 5,
748 2921 780 2968 15
791 2910 843 2968 οόκ
855 2913 968 2982 ἔφασαν
977 2913 1163 2981 πορεύεσθαι,
1174 2912 1248 2980 quod
1258 2930 1316 2965 non

138 2996 279 3066 significat
304 2997 344 3049 ‘se
362 2996 537 3064 profecturos
557 3010 617 3047 esse
636 2995 800 3063 negabant',
824 2996 873 3048 sed
900 2994 1050 3064 ‘proficisci
1071 2991 1261 3057 recusabant’,
1286 2996 1317 3046 et

137 3077 199 3146 Lys.
219 3077 284 3130 XIII
305 3081 345 3130 15.
366 3082 410 3129 47.
430 3074 527 3142 Neque
546 3073 631 3128 aliter
650 3073 830 3145 distinguitur
850 3077 929 3129 Dem.
948 3074 1039 3127 XXIII
1060 3079 1109 3126 170
1128 3067 1232 3140 ὀμόσαι
1251 3115 1258 3128 .
1280 3115 1286 3124 .
1309 3113 1315 3124 .

137 3155 211 3211 εἶναι
231 3156 283 3226 μὲν
303 3153 354 3225 τὴν
373 3152 464 3225 ἀρχὴν
483 3151 582 3223 κοινὴν
602 3198 608 3208 .
629 3198 635 3208 .
657 3197 672 3220 .,
693 3151 801 3216 πάντας
820 3151 848 3208 δ’
869 3151 937 3225 ὑμῖν
956 3151 1117 3208 ἀποδοῦναι
1136 3149 1188 3221 τὴν
1207 3149 1314 3219 χώραν,

137 3238 155 3292 i.
180 3255 204 3291 e.
227 3238 420 3290 iuramento
444 3235 579 3289 sancire
603 3238 635 3288 ut
658 3235 805 3304 imperium
830 3252 978 3291 commune
1002 3235 1039 3288 sit
1062 3234 1091 3287 et
1114 3248 1209 3286 omnes
1233 3232 1316 3285 vobis

136 3320 240 3371 terram
259 3317 386 3382 reddant
407 3334 525 3384 quocum
545 3315 580 3371 cf.
601 3317 682 3370 Hom.
703 3315 753 3370 Od.
773 3317 812 3370 IV
830 3323 891 3384 254,
911 3319 939 3370 et
958 3316 1026 3369 Xen.
1046 3311 1180 3367 HistGr.
1197 3311 1262 3377 114,
1281 3317 1316 3365 30

137 3393 356 3466 ὀμόσαντες...
375 3394 413 3466 μὴ
434 3393 663 3465 μνησικακήσειν,
682 3396 700 3451 i.
721 3414 743 3451 e.
763 3397 871 3450 iurati
891 3414 919 3450 se
939 3397 1077 3448 malorum
1101 3409 1156 3445 non
1176 3408 1315 3446 memores

136 3477 195 3530 fore
214 3481 288 3545 (nosz
314 3479 499 3542 schwdren,
526 3475 599 3529 dass
619 3478 725 3529 etwas
745 3477 817 3530 sein
837 3477 914 3542 soll,
937 3474 1125 3539 schwdren,
1144 3470 1218 3523 dass
1238 3488 1316 3525 man

135 3560 240 3610 etwas
259 3557 344 3610 thun
363 3555 465 3624 wird).
495 3555 617 3608 Verbum
638 3550 777 3624 εύχεσθαι
795 3560 889 3610 autem
908 3555 993 3608 etiam
1012 3552 1061 3604 ubi
1080 3551 1247 3620 spondere
1267 3556 1314 3606 est

135 3639 250 3707 propter
268 3638 393 3692 nativam
412 3635 542 3704 cupiendi
561 3635 618 3690 vim
634 3638 662 3689 et
676 3636 750 3702 quod
769 3636 832 3705 ipsa
850 3631 963 3703 sponsio
982 3628 1136 3685 voluntatis
1157 3630 1312 3686 declaratio

135 3720 179 3770 est
202 3717 372 3786 aliquotiens
397 3734 459 3770 cum
484 3716 532 3770 inf.
556 3732 645 3784 praes.
669 3715 780 3785 (Aesch.
804 3716 856 3784 Ag.
876 3716 939 3781 933)
970 3713 1019 3766 aut
1042 3709 1139 3764 aoristi
1168 3710 1261 3779 (Hom.
1282 3712 1314 3764 Il.

135 3797 226 3852 XVIII
240 3805 301 3852 499.
315 3799 385 3851 Xeu.
406 3796 509 3866 Cyneg.
525 3803 550 3865 6,
569 3800 613 3866 13)
632 3795 766 3864 iungitur,
786 3812 848 3849 cum
868 3794 1032 3863 plerumque
1050 3788 1205 3843 infinItivus
1224 3789 1315 3844 futuri

135 3882 275 3947 sequatur.
311 3880 342 3932 In
361 3878 446 3947 Sopb.
466 3877 523 3932 OR.
543 3883 594 3931 269
606 3895 665 3945 sqq.
685 3878 727 3928 ita
744 3877 871 3929 iunctum
890 3875 934 3927 est
951 3891 1014 3926 cum
1033 3872 1082 3925 inf.
1102 3885 1191 3940 praes.
1213 3871 1241 3922 et
1259 3869 1314 3925 fut.

134 3963 166 4013 nt
190 3977 253 4014 cum
276 3960 325 4013 illo
349 3957 499 4028 precari,
523 3976 586 4010 cum
615 3958 668 4009 hoc
696 3955 864 4023 spondere
892 3952 1039 4021 significet.
1078 3950 1171 4003 Verba
1195 3950 1314 4016 promit-

134 4041 212 4094 tendi
232 4041 261 4092 et
280 4038 409 4106 sperandi
429 4056 491 4092 cum
512 4040 611 4106 suapte
630 4037 731 4089 natura
749 4035 785 4088 ad
803 4033 911 4086 futuras
930 4049 974 4085 res
998 4032 1134 4099 spectent,
1154 4046 1216 4081 cum
1236 4032 1314 4083 nudo

134 4119 272 4174 infinitivo
301 4136 389 4188 praes.
417 4121 467 4171 aut
494 4134 550 4171 aor.
579 4116 659 4185 iungi
687 4115 836 4183 nequeunt.
881 4111 949 4166 Cum
974 4111 1017 4164 his
1043 4105 1164 4172 ἐλπίζειν
1188 4112 1313 4177 putare

135 4202 180 4270 (cf.
196 4200 296 4254 Aesch.
313 4199 388 4267 Sept.
405 4205 447 4252 76.
467 4199 531 4251 Eur.
547 4198 608 4266 Iph.
623 4196 653 4248 T.
671 4198 759 4262 1016),
778 4190 980 4261 ὑπισχνεῖσθαι
998 4187 1161 4257 profiteri
1180 4187 1224 4254 (cf.
1240 4187 1312 4244 Xen.

133 4278 248 4334 Memor.
267 4280 280 4331 I
299 4285 323 4345 2,
344 4286 368 4333 3,
393 4278 483 4333 Anab.
502 4277 554 4331 VII
573 4284 598 4342 6,
617 4281 659 4329 38.
687 4275 759 4327 Plat.
778 4272 852 4326 Prot.
873 4276 924 4325 319
935 4273 963 4338 a)
987 4266 1073 4322 valet·
1110 4265 1207 4334 Neque
1227 4268 1313 4325 aliter

135 4357 254 4427 ἔλπομαι
278 4358 352 4428 apud
376 4359 526 4413 Homerum
552 4357 597 4424 (cl.
623 4356 654 4407 II.
678 4354 743 4407 XIII
768 4360 827 4407 309.
856 4350 906 4405 Od.
927 4346 1017 4401 XXIII
1037 4350 1099 4414 345)
1138 4347 1210 4399 Nam
1235 4351 1313 4405 male

134 4439 225 4494 Madv.
241 4439 270 4491 in
284 4439 354 4492 Adv.
371 4439 431 4491 orit.
448 4438 501 4507 Ip.
519 4442 579 4504 179,
595 4442 608 4489 1
624 4437 677 4488 hoc
692 4435 805 4487 verbum
822 4433 858 4485 ad
872 4448 932 4483 rem
947 4427 1069 4481 futuram
1085 4429 1211 4495 spectare
1227 4433 1314 4497 putat
