3022 4936
803 349 1019 412 ..18-

886 568 927 636 ll.

411 726 538 802 Aliquot
569 728 641 787 locis
675 727 765 786 etiam
797 727 963 786 infinitivus
995 727 1091 784 futuri
1125 727 1157 785 in
1187 726 1370 802 Thucydidis
1402 726 1495 784 libros

323 827 446 899 propter
469 826 714 884 terminationum
737 825 962 885 similitudinem
981 842 1035 899 pro
1054 824 1202 883 infinitivo
1221 823 1326 883 aoristi
1344 823 1393 883 vel
1411 843 1496 898 prae-

323 922 415 980 sentis
434 923 566 998 irrepsit.
604 924 740 982 Tolerari
762 943 822 982 non
845 925 946 999 potest
968 922 1085 998 11128,
1109 926 1125 980 1
1151 915 1355 982 άποκωλάσειν
1375 919 1497 981 δυνατοὶ

320 1013 410 1091 ὄντες.
460 1020 533 1090 Quis
566 1023 645 1080 euim
678 1008 881 1081 άποκωλάσειν
913 1013 1044 1097 δάνομοιι
1076 1020 1206 1079 dixerit?
1257 1020 1397 1079 Editores
1430 1020 1496 1078 sola

320 1117 465 1177 librorum
498 1121 692 1194 auctoritate,
721 1141 782 1180 non
814 1121 956 1196 exemplis
989 1121 1136 1180 nituntur.
1189 1120 1269 1178 Nam
1299 1119 1359 1177 VII
1391 1122 1441 1193 11,
1474 1122 1494 1177 3

320 1210 479 1293 δυναίμεθ’
509 1209 549 1275 tv
576 1212 737 1295 χρήσεσθαι
763 1219 850 1277 nihili
878 1222 938 1295 est,
971 1237 1039 1276 cum
1066 1218 1197 1292 optimus
1225 1218 1302 1290 liber
1329 1216 1495 1276 Vaticanus

318 1308 486 1391 χρήσασθαι
508 1309 692 1395 praebeatl)
730 1316 844 1376 Eodem
868 1315 956 1375 modo
969 1335 1011 1373 se
1035 1316 1130 1391 decipi
1152 1315 1234 1390 passi
1258 1319 1329 1375 sunt
1351 1316 1383 1373 ΙΙ
1403 1319 1453 1390 29,
1475 1318 1494 1374 5

320 1429 387 1469 cum
417 1431 452 1469 ex
479 1413 616 1487 plurimis
644 1412 783 1472 codicibis
811 1411 941 1491 πέμψειν
969 1415 1147 1489 reciperent3
1175 1433 1246 1472 nam
1273 1417 1394 1490 praeter
1415 1413 1497 1470 hunc

319 1511 417 1567 locum
445 1511 546 1570 nullus
578 1513 677 1569 exstat
704 1516 763 1586 quo
790 1512 909 1571 πείθειν
934 1511 1055 1572 volendi
1081 1510 1111 1570 vi
1135 1510 1305 1587 praeditum
1328 1510 1496 1570 infinitivus

317 1607 414 1665 futuri
441 1612 591 1683 sequatur.
638 1610 835 1668 Restitueuda
861 1610 955 1686 igitur
984 1615 1030 1668 est
1058 1609 1155 1666 altera
1183 1609 1333 1688 scriptura
1359 1605 1494 1685 πέμπειν.

318 1704 463 1764 Similiter
489 1706 505 1763 I
534 1709 584 1778 27,
614 1709 632 1764 2
661 1708 784 1783 plurimi
811 1709 926 1767 codices
954 1700 1124 1783 ἐδεήθησαν
1147 1752 1153 1763 .
1178 1749 1185 1762 .
1210 1753 1216 1766 .
1247 1703 1496 1784 ξομπροκέμψειν

319 1804 433 1863 habent
455 1805 543 1881 idque
563 1807 722 1865 servarunt
740 1806 878 1866 editores.
916 1805 975 1864 Sed
996 1803 1238 1879 quis·dubitabit
1261 1802 1497 1882 ξομπροπέμψοιι

318 1901 496 1976 scripturam
524 1904 699 1979 restituere,
727 1904 753 1962 si
780 1905 903 1979 reliquis
931 1903 1004 1961 loeis
1031 1902 1168 1962 omnihus
1192 1900 1308 1960 δεῖσθαι
1333 1907 1387 1960 aut
1409 1922 1496 1978 prae-

318 2000 410 2057 sentis
441 2003 495 2058 aut
526 2002 630 2060 aoristi
662 2000 842 2061 infinitivum
875 2002 959 2077 sequi
996 1999 1203 2076 reputaverit?
1255 2001 1361 2076 Neque
1394 2002 1494 2076 magis

316 2097 439 2171 reliquis
458 2099 578 2157 volendi
596 2099 696 2158 verbis
715 2099 880 2159 infinitivus
902 2100 998 2158 futuri
1020 2102 1109 2173 aptus
1134 2101 1188 2159 est.
1225 2097 1350 2162 Duobus
1373 2103 1495 2158 tantum

317 2193 390 2254 locis
413 2200 483 2270 post
505 2216 541 2254 ea
563 2198 693 2256 traditus
717 2200 777 2256 est:
802 2197 845 2253 VI
870 2200 899 2275 6,
925 2201 940 2255 1
967 2193 1174 2273 ἐφιέμενοι
1199 2199 1250 2274 τῆς
1269 2190 1370 2273 πάσης
1389 2192 1497 2276 ’άρξειν

317 2296 348 2350 et
372 2293 416 2349 VI
440 2295 491 2371 57,
518 2297 536 2353 3
566 2290 724 2373 ἐβούλοντο
816 2290 1108 2372 κροτιμωρήσεσθοιι,
1135 2296 1296 2370 utrobique
1324 2296 1397 2356 vitio
1424 2315 1494 2370 per-

315 2392 439 2467 vulgato
467 2392 605 2467 scriptus.
657 2394 761 2452 Priore
789 2395 868 2451 enim
896 2394 961 2451 loco
990 2386 1076 2470 άρξοιι
1104 2385 1204 2469 (verte
1232 2387 1337 2452 ‘totius
1366 2394 1495 2469 imperio

315 2483 431 2566 potiri’3
450 2508 520 2546 nam
538 2491 668 2549 aoristus
687 2492 876 2551 incohativus
896 2494 943 2548 est
962 2493 995 2548 ut
1014 2489 1029 2545 l
1049 2492 1078 2564 4,
1101 2494 1126 2548 1.
1152 2489 1178 2547 V
1195 2495 1245 2567 91,
1260 2494 1289 2550 2.
1313 2490 1357 2549 VI
1376 2493 1427 2566 85,
1448 2484 1493 2571 3),

315 2588 410 2645 altero
433 2581 715 2665 προτιμωρήσοισθοιι
738 2588 948 2664 corrigendum
972 2590 1026 2646 est.
1072 2587 1163 2647 Patet
1190 2592 1335 2664 quantum
1359 2588 1493 2647 editores

314 2685 345 2742 in
373 2685 494 2744 tradita
516 2685 702 2762 singulorum
733 2688 866 2747 locorum
895 2687 1044 2762 scriptura
1072 2706 1165 2762 eaque
1195 2687 1269 2746 satis
1300 2688 1390 2745 dubia
1421 2687 1493 2745 hae-

314 2784 415 2840 rentes
434 2783 607 2843 universum
631 2786 777 2844 librorum
801 2804 979 2844 consensum
1002 2785 1199 2862 neglexerint,
1222 2787 1400 2861 praesertim
1424 2804 1493 2843 cum

314 2880 411 2938 tribus
435 2882 526 2939 etism
549 2883 622 2941 locis
645 2903 718 2942 vera
741 2885 890 2959 scriptura
912 2885 996 2958 parte
1020 2883 1154 2942 codicum
1182 2884 1343 2943 memoriae
1371 2883 1493 2959 prodita

314 2979 362 3036 sit.
408 2977 493 3036 Unus
522 2983 624 3039 tamen
654 2981 737 3040 locus
765 2984 863 3040 restat
889 2981 949 3039 VII
979 2985 1029 3057 21,
1059 2985 1077 3039 3
1110 2977 1306 3052 ξονανέκειθε
1336 2976 1369 3039 δὲ
1395 2978 1445 3039 καὶ
1475 2975 1492 3042 ὃ

307 3070 509 3156 Ἑρμοκράτης
533 3072 587 3157 οὐχ
610 3072 714 3156 ήκιστοι
736 3082 789 3138 τοῦ
808 3082 870 3150 τοῖς
889 3076 977 3137 νοινσὶ
995 3073 1035 3155 μή
1055 3072 1186 3155 torpeo
1205 3074 1398 3157 ἐπιχειρήσειν
1415 3073 1492 3159 πρὸς

312 3168 381 3246 τοὺς
405 3169 602 3254 Ἀθηναίους,
631 3176 684 3235 sed
711 3177 736 3235 is
760 3177 848 3236 valde
872 3179 1030 3251 suspectae
1053 3176 1132 3234 fidoi.
1177 3176 1255 3234 Nam
1278 3181 1492 3253 praeterquam

313 3273 393 3347 quod
421 3276 472 3334 τοῦ
500 3275 615 3332 frustra
642 3276 791 3351 explicare
817 3276 915 3334 conati
938 3279 1021 3350 sunt,
1050 3293 1110 3350 qua
1133 3274 1169 3332 de
1193 3293 1226 3333 re
1250 3274 1310 3339 dixi
1332 3275 1363 3331 in
1387 3274 1490 3350 Symb.

314 3370 385 3444 phil.
415 3372 509 3431 Bonn.
539 3393 567 3446 p.
599 3374 672 3448 388,
707 3370 862 3451 ἐπιχειρεῖν
895 3392 962 3432 cum
994 3366 1068 3449 πρός
1101 3372 1251 3430 coniuncti
1280 3391 1376 3448 neque
1409 3375 1492 3448 apud

314 3466 519 3543 Thucydidem
546 3489 643 3546 neque
671 3472 750 3547 apud
779 3472 872 3529 alium
899 3471 1077 3546 scriptorem
1101 3471 1272 3545 exemplum
1295 3467 1403 3530 exstat
1448 3474 1492 3531 Et

312 3564 384 3638 quid
407 3558 537 3642 ἀθυμεῖν
560 3563 753 3646 ἐπιχειρήσειν
776 3569 858 3627 aliud
882 3571 930 3627 est
952 3569 1010 3627 nisi
1032 3562 1204 3643 ldesperare
1223 3587 1255 3626 se
1273 3587 1491 3646 aggressurum

313 3656 410 3721 esse'?
454 3663 498 3722 Ut
520 3665 652 3724 breviter
675 3667 771 3726 dicam
795 3666 874 3743 quod
898 3668 1006 3740 sentio,
1036 3662 1228 3746 ἐπιχειρήσειν
1252 3687 1286 3726 ex
1310 3665 1491 3745 ἐπιχειρήσαι

312 3761 360 3818 vel
388 3758 566 3839 ἐπιχείρησιν
593 3765 811 3840 interpretandi
839 3783 929 3822 causa
957 3764 1107 3840 adscripto
1137 3769 1235 3823 crtum
1264 3768 1295 3823 et
1326 3765 1490 3841 legendum

312 3877 376 3917 esse
405 3861 538 3934 suspicor
566 3860 762 3932 ξυνανέπενθε
789 3857 822 3921 δὲ
849 3859 899 3920 καὶ
921 3855 937 3921 ὁ
958 3855 1159 3941 Ἑρμοκράτης
1183 3857 1237 3942 οὐχ
1260 3857 1353 3940 ἥκιστ’
1379 3857 1491 3936 adrosis

193 4018 196 4022 Α
310 3961 372 4028 ταῖς
401 3954 490 4016 ναυσὶ
518 3951 559 4034 μή
586 3952 717 4035 άθνμεῖν
743 3953 819 4037 πρὸς
845 3953 913 4031 τοὺς
938 3951 1135 4038 Ἀθηναίους,
1163 3962 1182 4020 i.
1208 3982 1232 4022 e.
1262 3956 1400 4021 ‘navibus
1428 3982 1490 4021 non

311 4055 446 4113 diffidere
469 4055 613 4115 adversus
638 4051 857 4116 Athenienses’.
896 4058 941 4120 cf.
964 4058 995 4116 ΙΙ
1015 4061 1067 4135 88,
1091 4063 1119 4119 3.
1144 4060 1204 4117 VII
1230 4062 1280 4134 60,
1305 4062 1333 4118 5.
1371 4060 1415 4119 De
1439 4062 1489 4120 his

383 4282 409 4345 1)
433 4278 544 4332 Dudum
571 4280 599 4331 in
619 4280 702 4350 Soph.
723 4279 787 4334 Phil
808 4287 1074 4351 lesmorensem
1098 4280 1301 4353 δονησόμεσθοι
1323 4283 1487 4339 restitutum

311 4359 355 4438 est
372 4360 487 4411 πείθειν
507 4361 578 4427 δον,
596 4379 686 4428 neque
701 4361 816 4415 dubium
837 4362 903 4429 quin
921 4364 951 4416 in
970 4364 1042 4419 Plat.
1062 4364 1165 4419 Phaed.
1183 4369 1215 4417 73
1227 4381 1244 4416 a
1263 4360 1314 4417 criu
1330 4357 1367 4418 άν
1380 4363 1439 4417 οἷοί
1455 4387 1486 4420 τε

310 4439 384 4505 ἠσοιν
403 4438 487 4489 τοῦτο
505 4435 636 4505 ποιήσειν
655 4441 831 4495 scribendum
851 4444 889 4495 sit
907 4445 1031 4513 ποιῆσαι.

335 4632 395 4643 4-
