3022 4936
605 321 820 386 ‚59-

125 485 322 546 θαλασσίδιον
345 481 402 564 (71
424 489 474 559 62,
494 478 529 567 3)
552 486 656 546 formio
679 477 887 547 έπιθαλάσσιοι
911 491 941 548 et
964 482 1208 566 παραθαλάσσιον
1230 489 1298 547 sub-

127 585 253 644 etituere
276 584 351 644 vult.
397 584 474 642 Nam
498 585 602 644 eadem
625 585 756 645 varietas
780 585 810 643 in
834 586 910 646 Plat.
933 587 1026 664 Legg.
1052 587 1150 647 704b
1174 589 1205 645 et
1227 587 1255 648 d.

215 682 324 741 Forma
343 682 440 742 dualis
460 682 553 759 δυεῖν,
575 702 665 758 quam
683 683 798 758 aliquot
816 684 888 743 locis
908 684 978 744 libri
997 685 1159 745 deteriores
1178 684 1298 757 babent,

124 781 157 839 in
183 781 282 840 titulis
305 781 415 841 Atticis
443 781 481 839 ab
509 783 605 840 altera
633 782 752 841 demum
779 782 890 841 saeculi
916 783 1017 858 quarti
1039 786 1126 857 parte
1148 782 1299 842 invenltur

124 872 177 960 (cf.
201 879 355 940 Meisterh.
375 876 394 954 ξ
415 882 465 953 38,
489 874 530 959 1).
569 879 648 938 Vera
670 879 767 938 forma
790 878 877 939 δυοῖν
900 899 995 956 usque
1018 881 1056 940 ad
1079 880 1158 940 idem
1180 883 1298 956 tempus

124 977 237 1052 ubique
260 995 327 1035 cum
350 975 433 1034 duali
454 975 619 1052 invenitur,
647 981 750 1036 contra
774 968 830 1037 δύο
854 979 1005 1037 interdum
1028 980 1119 1038 etiam
1142 996 1210 1037 cum
1232 979 1298 1053 pln-

123 1073 189 1132 rali.
241 1072 285 1132 Of.
313 1068 428 1133 Weckl.
461 1072 529 1135 Gur.
562 1075 655 1150 epigr.
686 1095 716 1150 p.
745 1079 796 1137 16.
841 1076 995 1136 Riemann.
1023 1079 1125 1138 Revue
1158 1076 1194 1135 de
1226 1076 1299 1150 phil.

123 1171 167 1232 IX
189 1191 217 1247 p.
243 1173 283 1231 92
297 1190 341 1247 sq.
386 1170 484 1240 Quare
507 1171 582 1229 VIII
607 1175 656 1250 79,
683 1177 698 1231 1
728 1171 816 1233 ναυσὶ
840 1168 894 1235 δύο
926 1168 984 1257 (sic
1007 1173 1051 1238 01.
1074 1174 1163 1248 Ven,
1191 1174 1298 1250 reliqui

126 1262 227 1350 δυοῖν)
252 1267 301 1328 καὶ
324 1261 507 1348 ὀγδοήκοντα
530 1269 720 1329 scribendum
744 1274 797 1331 εελ.
841 1272 878 1330 In
900 1273 1010 1333 Atticis
1034 1273 1131 1332 titulis
1156 1271 1297 1330 tredecim

123 1368 234 1444 ubique
264 1369 311 1427 eet
337 1369 412 1444 τρεῖς
439 1363 488 1425 καὶ
516 1364 601 1444 δέκα,
634 1387 693 1427 non
720 1369 905 1488 τρισκαίδεκα
933 1362 1037 1452 (Meist
1024 1371 1100 1431 t.erh
1129 1367 1149 1444 ᾗ
1174 1371 1273 1444 38,
1256 1361 1297 1450 7)

124 1465 231 1541 Itaque
255 1464 302 1522 III
325 1467 424 1542 69,1.
447 1464 523 1523 VIII
546 1467 587 1524 88
611 1471 686 1544 τρεῖς
708 1465 757 1526 καὶ
782 1464 852 1527 δέκα
877 1460 1297 1546 (τ.1.τρισκαδεκα)λΙΠ

126 1566 176 1637 79,
198 1565 215 1621 2
239 1567 314 1640 τρεῖς
338 1557 370 1622 δὲ
397 1559 447 1621 καὶ
470 1559 541 1621 δέκα
565 1555 653 1643 (τρεῖς
676 1561 726 1623 καὶ
749 1562 820 1624 δέκα
842 1565 912 1626 Vat.
931 1565 969 1626 H.
971 1566 1186 1643 ,reliquorum
1210 1566 1298 1642 longe

123 1659 247 1737 plurimi
268 1659 453 1736 τρισκαίδεκα
476 1656 523 1739 δέ)
547 1662 776 1736 praeferendum
796 1655 845 1740 (cf.
865 1663 908 1721 VI
930 1666 979 1738 74,
1000 1656 1034 1742 2)
1059 1668 1089 1724 et
1113 1665 1187 1723 VIII
1208 1667 1258 1737 22,
1279 1668 1296 1740 1

123 1756 197 1837 τρισὶ
211 1755 260 1817 καὶ
275 1754 346 1817 δέκα
363 1750 448 1837 (δέκα
462 1756 512 1818 καὶ
525 1757 599 1836 τρισὶ
609 1761 641 1820 H.
644 1761 779 1838 ,reliqui
792 1754 991 1872 τρισκαίδεκα)
1007 1763 1229 1822 rescribendum
1244 1765 1298 1822 est.

213 1858 277 1916 Iam
296 1858 334 1916 ad
353 1859 512 1917 verborum
530 1860 642 1919 formas
661 1862 849 1920 transeamus
869 1878 902 1918 ac
922 1860 1051 1934 primum
1075 1860 1196 1935 quidem
1219 1860 1298 1919 dica-

123 1975 189 2015 mus
218 1956 255 2015 de
282 1957 452 2031 augmento.
498 1956 577 2015 Raro
606 1958 750 2017 omissum
778 1957 878 2017 est1n
901 1957 1202 2032 plusquamperfectis
1226 1974 1298 2033 aug-

122 2056 259 2112 mentum
283 2052 470 2129 syllabicam
509 2052 630 2130 IlI23,
657 2059 672 2113 1
698 2055 761 2114 Pal.
785 2047 1003 2132 ἀνεβεβήκεσαν
1025 2054 1125 2127 habet,
1144 2054 1187 2111 IV
1207 2056 1258 2130 24,
1278 2059 1296 2114 2

122 2146 352 2230 έσεβεβλήκεσαν
378 2150 449 2210 boni
477 2150 560 2225 libri,
587 2152 631 2210 lV
661 2155 710 2226 34,
741 2155 759 2212 3
790 2148 1017 2212 έναπεκέκλαστο
1045 2152 1081 2212 D.
1109 2151 1247 2228 idemque
1270 2153 1298 2210 V

125 2253 175 2326 10,
205 2253 223 2309 8
253 2241 503 2328 προεκεχωρήκει,
535 2249 578 2306 17
608 2252 658 2327 69,
688 2253 706 2310 3
736 2243 930 2310 ἀπετετέλεστο
959 2250 1076 2326 optimi,
1110 2249 1169 2308 VII
1198 2253 1249 2324 33,
1278 2253 1296 2309 6

123 2341 306 2408 ὑπελέλειπτο
325 2348 461 2423 plerique
480 2351 511 2406 et
530 2348 588 2406 VH
608 2351 659 2422 44,
679 2352 697 2408 3
718 2349 789 2408 boni
811 2349 882 2408 libri
905 2341 1086 2427 ἀνεβεβήκει,
1110 2348 1186 2407 VIII
1206 2351 1257 2425 66,
1278 2352 1296 2407 2

123 2463 225 2506 omnes
243 2448 364 2521 praeter
382 2444 450 2505 Vat.
470 2439 619 2523 ἐτεθνήκει
644 2449 674 2506 et
698 2447 773 2505 VIII
799 2448 849 2522 92,
870 2448 888 2506 3
911 2446 1028 2523 Mosqu.
1050 2438 1298 2524 κατεδεδραμήκε-

123 2558 192 2619 σαν,
215 2542 273 2601 VII
298 2546 347 2616 71,
370 2546 388 2603 7
412 2546 514 2603 autem
535 2537 560 2603 τ’
586 2538 790 2605 ἐπεπόνθεσαν
812 2544 973 2621 legendum
996 2563 1063 2604 esee
1086 2545 1179 2620 patet.
1216 2544 1297 2603 Reli-

123 2658 182 2715 qua
204 2641 268 2699 fere
292 2644 363 2701 eunt
385 2640 429 2699 IV
454 2644 506 2718 90,
526 2644 543 2700 2
568 2634 794 2717 κατεπεπτώκει,
817 2640 845 2698 V
872 2644 920 2719 14,
946 2643 964 2700 3
988 2637 1133 2720 γεγένητο,
1156 2639 1184 2696 V
1206 2641 1257 2716 35,
1277 2642 1295 2699 3
1416 2719 1417 2722 ¹

122 2732 365 2814 ἀποδεδώκεσαν,
393 2738 452 2797 VII
475 2742 505 2816 4,
529 2743 547 2799 2
579 2733 803 2818 ἀναβεβήκεσαν
831 2733 914 2819 (pars
943 2739 1026 2799 codd.
1050 2730 1296 2820 ἀναβεβήκασιν),

122 2835 198 2894 VIII
224 2839 274 2910 15,
300 2840 316 2895 1
345 2831 614 2916 ἀνακεχωρήκεσαν.
660 2837 797 2914 Apparet
820 2837 850 2895 in
873 2841 959 2898 tanto
983 2838 1129 2896 librorum
1153 2856 1297 2897 consensu

123 2937 318 3010 augmentum
338 2935 448 3010 ubique
466 2935 686 2994 restituendum
705 2954 779 3012 esee,
802 2937 939 3012 idemque
958 2935 1056 2995 titulis
1080 2935 1297 3010 antiquioribus

121 3033 210 3107 plane
245 3033 440 3091 confirmatur
473 3030 522 3111 (cf.
551 3033 703 3092 Meisterh.
737 3033 756 3109 ξ
785 3037 836 3110 40,
867 3026 908 3114 1).
959 3034 1060 3092 Etiam
1091 3033 1123 3091 in
1155 3026 1297 3110 εἱστήκειν

121 3129 193 3188 libri
212 3129 398 3206 Thucydidei
416 3130 460 3188 ita
483 3130 674 3189 consentiunt
696 3134 731 3190 ut
753 3133 869 3191 duobus
893 3135 1012 3191 tantum
1035 3131 1107 3190 locis
1128 3124 1184 3210 (IV
1205 3132 1256 3204 33,
1278 3135 1293 3189 1

109 3220 351 3303 καθεστήκεσαν,
374 3226 433 3286 VII
457 3230 508 3309 29,
533 3229 551 3288 5
577 3222 796 3310 καθεστήκει)
782 3243 819 3288 m
842 3230 979 3289 omnimo
1003 3231 1163 3304 augmento
1187 3231 1296 3288 careat.

121 3326 186 3385 Hoc
222 3326 317 3403 igItur
353 3326 463 3402 ubique
496 3274 582 3386 iestit
569 3326 712 3386 tuendum
745 3329 799 3388 est.
856 3327 900 3388 Of.
933 3327 1043 3388 Herod.
1074 3327 1104 3384 H
1137 3328 1296 3403 269,12.

122 3422 258 3483 Schanzii
285 3424 376 3484 Proll.
404 3424 442 3482 ad
470 3424 547 3483 Plat.
571 3424 631 3482 VH
658 3445 686 3500 p
710 3425 793 3486 XIII
835 3426 992 3502 Nusquam
1020 3427 1121 3485 tamen
1144 3426 1297 3486 invenitur

121 3520 152 3580 in
184 3522 286 3581 formis
321 3523 500 3599 syncopatis.
555 3521 649 3581 Verbi
688 3520 824 3602 ἔρχεσθαι
860 3524 1188 3601 plusquamperfectum
1230 3544 1295 3585 con-

122 3621 239 3679 stanter
264 3619 296 3677 in
324 3619 411 3679 libris
439 3624 599 3699 augmento
628 3625 722 3696 caret,
754 3623 834 3683 idem
865 3623 897 3682 tn
929 3621 1033 3682 eodem
1063 3623 1148 3683 verbi
1176 3615 1295 3683 ὄλλάναι

121 3720 256 3792 tempore
279 3717 349 3775 boni
371 3717 442 3776 libri
464 3719 575 3795 ubique
599 3712 765 3800 (ἀπωλώλει
788 3720 831 3779 IV
857 3723 979 3790 133.1.
1003 3720 1064 3780 VH
1089 3723 1140 3798 27,
1165 3723 1193 3795 5,
1217 3713 1295 3780 ἀπω-

120 3810 282 3873 λωλέκεσαν
310 3813 385 3871 7ΙΠ
415 3817 465 3890 96,
495 3809 529 3896 3)
563 3821 729 3878 eervarunt.
780 3819 844 3878 Hoc
872 3818 1010 3879 convemt
1037 3818 1075 3877 ad
1102 3821 1294 3894 praeceptum

121 3912 231 3972 Herod.
255 3911 286 3970 II
311 3912 385 3987 268,
414 3915 465 3972 20.
488 3913 520 3971 Π
544 3917 594 3986 21,
620 3918 638 3973 2
671 3910 831 3993 έοράκεσαν
857 3935 911 3990 pro
940 3910 1106 3991 ἕωράκεσαν
1133 3915 1294 3991 legendum

122 4028 186 4069 esse
209 4011 372 4071 ostendunt
395 4029 499 4071 versus
523 4013 617 4074 Arist.
640 4013 719 4073 Nub.
740 4016 813 4074 767.
836 4013 893 4073 Au.
914 4015 1008 4073 1573.
1033 4013 1151 4072 Thesm.
1171 4016 1222 4074 33.
1243 4016 1293 4075 35.

120 4108 200 4168 Plut.
233 4111 283 4170 98.
318 4110 402 4168 1045
437 4109 584 4185 multique
615 4111 646 4169 in
678 4111 787 4186 fragm.
819 4111 1005 4171 comicorum.
1059 4109 1172 4169 Contra
1201 4104 1294 4190 ἑώρας

120 4205 214 4265 Arist
243 4205 324 4269 Plut.
355 4209 427 4268 713.
475 4206 518 4268 Of.
547 4194 661 4268 έδιλωκα
689 4200 810 4288 (Aesch.
838 4209 895 4287 Ag.
921 4204 977 4289 30)
1006 4212 1037 4268 ελ
1064 4196 1158 4267 έάλιον
1186 4202 1294 4290 (Arist,

120 4302 210 4379 Vesp.
244 4299 331 4385 355).
382 4304 482 4366 Verba
514 4306 552 4365 ab
586 4299 619 4366 εὖ
650 4305 824 4382 incipientia
854 4299 895 4383 ηδ
927 4309 1122 4383 augmentum
1153 4307 1294 4370 habuisse

122 4402 306 4481 antiquiores
339 4404 422 4464 tituli
453 4406 522 4466 inde
549 4405 587 4465 ab
615 4404 739 4466 Euclide
772 4402 914 4465 archonte
945 4402 1017 4464 facti
1048 4405 1211 4466 ostendunt
1242 4399 1292 4488 (cf.
