3022 4936
599 338 808 402 ..57..

202 507 247 565 De
271 505 375 565 formis
399 505 597 579 comparativi
620 504 728 563 πλείων
751 505 824 564 11666
845 503 924 563 (1611.
944 503 1115 563 Dindorfius
1135 503 1166 581 in
1185 502 1286 579 Steph.

114 606 203 666 Thes,
226 603 395 664 adnotavit:
424 596 531 662 ‘Attici
556 603 614 662 etsi
637 603 811 679 saepissime
835 598 924 662 πλέον
947 621 1001 678 pro
1025 606 1126 662 πλεῖον
1149 602 1288 661 dixerunt

111 722 167 763 nec
198 722 266 761 1616
304 703 437 762 vocalem
474 702 638 776 simplicem
676 702 707 760 in
744 703 861 761 casibus
898 701 1084 760 admiserunt
1120 701 1287 776 trisyllabis

112 796 236 871 πλέονος
263 794 379 874 πλέονι,
407 800 438 857 16
465 799 649 859 nominativo
677 803 778 860 tamen
800 800 910 859 πλείων
938 803 968 858 61
996 798 1099 858 formis
1127 799 1286 858 contractis

112 899 203 959 πλείω
221 902 252 958 61
274 897 394 969 πλείους
417 898 638 974 diphthongum
661 900 885 975 praetulerunt3
910 897 989 974 quod
1011 901 1092 956 recte
1116 897 1288 957 observanti

112 997 245 1074 Reisigio
264 997 295 1055 in
314 994 396 1055 0661.
419 996 449 1053 16
469 996 562 1055 Arist
584 1017 612 1072 p.
633 998 674 1056 43
699 1016 759 1055 666
782 996 912 1055 debebat
934 1012 1103 1070 repugnare
1126 994 1287 1054 Elmsleius

112 1095 152 1155 611
174 1095 246 1155 Eur.
265 1095 342 1153 Med.
363 1096 414 1155 88.
451 1093 530 1152 Nam
553 1095 632 1170 quod
655 1094 764 1170 tragici
786 1094 937 1153 interdum
961 1088 1058 1152 πλέων
1081 1089 1157 1151 πλέω
1181 1089 1288 1164 πλέους

111 1193 224 1253 dixisse
246 1193 337 1268 vulgo
361 1190 524 1250 creduntur
547 1194 658 1268 partim
682 1193 852 1252 criticorum
877 1192 984 1251 nititur
1012 1192 1177 1266 erroribus⁷
1204 1192 1288 1250 velut

115 1291 249 1365 Stanleii,
274 1290 325 1367 qui
348 1285 444 1348 πλέων
467 1290 546 1348 16616
569 1290 673 1348 intulit
695 1291 798 1350 versui
820 1293 958 1365 corrupto
982 1288 1089 1348 Aescb.
1114 1288 1170 1365 Ag.
1193 1291 1287 1365 1299,

110 1390 225 1466 partim
247 1387 357 1448 1111666
380 1388 528 1462 scriptura
550 1387 705 1457 librorum,
729 1392 765 1447 ut
787 1389 898 1449 ibidem
923 1390 995 1447 868.
1022 1389 1116 1462 1068,
1140 1387 1191 1446 ubi
1210 1384 1286 1446 πλέω

112 1506 214 1548 611616
243 1486 393 1558 sollemni,
423 1486 458 1544 de
488 1506 546 1561 quo
569 1486 671 1560 paullo
695 1490 764 1562 post
787 1487 914 1563 dicetur,
944 1504 998 1561 pro
1021 1481 1110 1545 πλέον
1134 1486 1286 1560 scriptum.

111 1587 181 1645 Non
214 1584 337 1643 61616116
371 1587 417 1642 661
448 1584 593 1643 momenti
625 1583 714 1660 Soph.
742 1585 847 1644 Trach.
876 1587 938 1644 944
968 1575 987 1661 ἢ
1015 1580 1065 1642 καὶ
1096 1582 1215 1655 πλείους
1246 1605 1288 1656 τις

111 1677 221 1763 ἡμέρας
237 1681 385 1763 λογίζεται,
407 1682 457 1741 ubi
477 1681 599 1757 quidam
613 1683 787 1758 interpolati
805 1675 920 1755 πλέους.
954 1682 1013 1740 Sed
1030 1701 1104 1741 1616
1123 1701 1212 1757 611661
1231 1701 1287 1758 ego

111 1783 234 1842 restitui
244 1780 392 1856 scriptura
406 1773 485 1857 66111
501 1779 552 1839 καί
563 1803 589 1839 τι
603 1780 722 1851 πλείους
736 1773 844 1858 ἡμέρας
859 1764 1019 1861 λογίζεταί.
1039 1780 1120 1839 Η666
1135 1780 1288 1839 sufficiunt

112 1881 152 1940 ad
171 1879 334 1939 reiciendas
358 1877 468 1937 formas
492 1875 589 1937 πλέων
608 1875 685 1936 πλέω
704 1875 821 1956 πλέους,
844 1899 920 1954 6666
938 1900 975 1938 66
994 1880 1024 1937 16
1043 1879 1286 1954 inscriptionibus

112 1977 235 2053 quidem
257 1977 459 2038 inveniuntur.
507 1977 548 2035 At
570 1977 741 2035 dubitatum
765 1996 883 2053 quoque
907 1980 1047 2036 66111616
1070 1981 1172 2036 πλεῖον
1192 1977 1287 2037 Attici

112 2076 269 2137 dixissent.
306 2074 365 2134 Sed
387 2095 425 2133 ne
449 2075 643 2150 Aristophani
666 2075 786 2151 quidem
810 2075 1039 2134 abiudicandum
1063 2078 1117 2133 est.
1155 2074 1232 2132 Nam
1255 2074 1288 2132 in

112 2175 192 2234 Nub.
217 2175 336 2250 quidem
362 2176 445 2234 1295
470 2173 555 2233 66116
576 2174 667 2232 metri
689 2174 868 2232 necessitate
891 2171 1015 2248 legitur,
1043 2171 1095 2230 sed
1118 2173 1214 2229 metro
1238 2171 1287 2230 de·

111 2271 246 2332 tenditur
274 2273 305 2330 in
329 2272 406 2331 Eccl.
433 2274 517 2331 1132
548 2265 625 2342 ’ὅστις
652 2274 780 2331 πολιτῶν
807 2274 907 2330 πλεῖον
934 2262 954 2346 ἢ
979 2269 1170 2349 τρισμυρίων,
1198 2291 1286 2346 quem

111 2389 234 2430 1616616
266 2390 303 2428 66
335 2370 402 2429 ideo
435 2374 610 2446 corruptum
642 2389 708 2430 esse
741 2369 871 2445 opineris
900 2368 978 2444 quod
1007 2369 1168 2427 secundum
1196 2369 1285 2429 Moer.

112 2471 196 2527 πλεῖν
218 2460 237 2544 ἢ
262 2462 361 2546 μύριοι
380 2461 512 2541 Ἀττικοί,
534 2465 655 2540 πλέονες
677 2461 696 2546 ἢ
726 2461 825 2545 μύριοι
845 2461 987 2544 Ἕλληνες
1016 2469 1047 2525 61
1071 2465 1175 2526 0611611
1202 2488 1284 2543 prae-

113 2566 234 2640 ceptum
263 2564 432 2624 Atticorum
462 2567 676 2625 consuetudine
703 2568 787 2625 πλεῖν
815 2557 834 2643 ἢ
868 2566 1052 2641 postuletur,
1086 2565 1122 2623 cf.
1149 2563 1239 2626 πλέον
1266 2561 1286 2644 ἤ

114 2662 396 2739 sinuatam,
420 2683 478 2738 666
503 2664 593 2722 611661
617 2664 744 2723 efficitur
767 2684 804 2722 ne
828 2664 907 2738 apud
927 2663 982 2721 Th.
1006 2662 1125 2738 quidem
1146 2662 1193 2721 III
1215 2666 1286 2738 113,

114 2763 133 2820 3
157 2754 248 2819 πλέον
270 2750 301 2836 d*
314 2759 344 2816 in
367 2763 452 2818 πλεῖν
471 2754 492 2837 ἥ
510 2760 687 2819 mutandum
707 2742 779 2820 esse.
817 2762 914 2820 Metro
938 2760 1010 2818 item
1032 2760 1107 2818 illud
1130 2761 1287 2836 flagitatur

111 2859 144 2916 in
167 2858 293 2917 Philem.
316 2857 423 2933 fragm.
450 2860 521 2933 106,
545 2861 563 2918 5
589 2858 681 2917 Koch.
709 2860 846 2918 Menand.
870 2860 977 2935 fragm.
1003 2859 1076 2935 519,
1102 2862 1129 2921 6.
1159 2863 1233 2938 531,
1257 2865 1287 2921 5.

114 2958 187 3030 563,
221 2959 239 3015 3
273 2955 363 3013 Μ616.
417 2954 508 3030 Apud
539 2957 669 3032 tragicos
701 2962 803 3018 πλεῖον
835 2959 953 3034 saepius
990 2958 1136 3017 traditum
1173 2963 1219 3018 est
1255 2965 1286 3018 et

113 3055 257 3130 quattuor
279 3053 472 3112 inveniuntur
495 3057 640 3130 quantum
664 3057 723 3114 scio
747 3057 805 3116 loci
832 3049 906 3138 (non
932 3074 1056 3115 numero
1083 3059 1184 3116 πλεῖον
1208 3059 1283 3134 quod

113 3153 144 3210 in
163 3151 277 3211 cantico
296 3151 412 3227 legitur
430 3150 538 3211 Aesch.
557 3152 639 3213 Pers.
660 3150 760 3234 1032)
781 3155 832 3213 ubi
855 3157 986 3213 metrum
1009 3155 1037 3213 ei
1059 3153 1208 3230 praesidio
1233 3155 1285 3214 sit:

113 3248 220 3309 Aesch.
248 3250 330 3310 Pers.
361 3252 421 3309 791
452 3243 527 3327 μηδ’
555 3248 581 3308 εἰ
608 3245 767 3330 στράτευμα
794 3254 896 3311 πλεῖον
922 3241 942 3332 ᾖ
969 3245 1000 3311 τὸ
1028 3245 1186 3329 Μηδικόν,
1214 3253 1284 3312 Eur.

112 3346 202 3422 Hipp.
223 3348 285 3404 641
306 3345 351 3423 εἴη
370 3348 524 3423 φρονοῦσα
543 3350 644 3408 πλεῖον
665 3341 684 3425 ἢ
708 3355 835 3428 γυναῖκα
854 3344 920 3429 χρή,
942 3351 1051 3413 Τ1ο611.
1071 3353 1133 3410 644
1157 3353 1286 3428 λαχοῦσα

113 3448 215 3505 πλεῖον
236 3446 288 3522 τῆς
310 3438 398 3522 τύχης
424 3436 608 3522 ἡμάρτανον,
638 3447 747 3507 Ρ11666.
774 3452 836 3509 603
860 3451 928 3508 ΠΟ.
950 3451 1003 3508 τοῦ
1026 3443 1133 3526 μέρους
1156 3445 1231 3527 έχων
1253 3442 1285 3510 τὸ

112 3545 228 3612 πλεῖον;
247 3544 311 3600 ΕΤ.
331 3535 418 3619 φήμ’.
442 3534 631 3605 ἀπαλλάσσου
651 3541 683 3603 δέ
701 3548 766 3624 γῆς,
784 3566 912 3622 6661616
930 3549 1152 3607 161666161166
1171 3547 1285 3621 priores

112 3639 290 3700 coniecturis
314 3641 464 3714 temptare
487 3640 658 3702 Dindorfius
681 3663 741 3702 non
765 3644 901 3704 debebat.
939 3643 1013 3702 Cum
1036 3644 1114 3703 enim
1140 3639 1172 3703 in
1195 3665 1285 3706 16166

112 3736 282 3813 Aeschyleo
309 3739 430 3812 praeter
456 3742 557 3799 πλεῖον
584 3741 659 3798 nihil
687 3742 727 3799 sit
754 3743 787 3801 in
814 3763 872 3819 quo
906 3743 1052 3819 offendas,
1084 3742 1136 3801 1116
1165 3737 1234 3821 μηδ’
1261 3744 1287 3803 εἰ

112 3827 264 3914 στράτευμ’
285 3833 330 3911 εἴη
349 3831 438 3895 πλέον
455 3830 487 3896 τὸ
506 3832 659 3915 Μηδικόν,
682 3860 802 3899 versum
821 3841 916 3901 doctis
936 3841 1059 3899 auribus
1077 3840 1199 3900 minime
1217 3861 1284 3917 gra-

112 3937 192 4009 tum,
218 3934 267 3993 161
295 3933 387 3992 etiam
414 3934 575 3994 violentius
605 3928 738 4014 πληθύοτ
770 3959 823 4014 pro
856 3941 957 3997 πλεῖον
989 3926 1008 4020 ᾖ·
1034 3939 1198 4014 proposuit.
1249 3939 1285 3997 In

111 4031 209 4108 primo
237 4031 389 4108 Euripidis
421 4051 513 4091 16166
541 4027 651 4094 πλείον’
683 4036 731 4094 161
763 4036 861 4112 μεῖζον
893 4054 928 4094 ex
957 4035 1152 4095 similitudine
1181 4056 1284 4096 versus

111 4128 232 4191 Heracl.
256 4133 318 4190 979
343 4126 392 4188 καὶ
414 4122 469 4206 τὴν
492 4133 664 4207 φρονοῦσαν
688 4133 785 4211 μεῖζον
803 4126 822 4211 ἢ
842 4138 968 4213 γυναῖκα
986 4128 1042 4212 χρή
1059 4134 1161 4209 legere
1180 4135 1286 4196 voluit.

112 4226 173 4286 Sed
195 4227 284 4304 longe
307 4228 390 4286 aliud
411 4230 458 4287 est
475 4224 565 4288 πλέον
584 4235 715 4309 φρονεῖν,
738 4232 961 4307 prudentiorem
980 4251 1054 4309 6666,
1078 4251 1167 4307 66616
1187 4234 1285 4309 μεῖζον

113 4329 253 4401 φρονεῖν,
280 4325 458 4385 16661661166
487 4346 518 4385 66
545 4327 658 4387 efferre.
705 4330 748 4387 df.
773 4329 863 4406 Soph.
886 4329 963 4388 Phil.
988 4332 1061 4390 818.
1093 4329 1170 4389 Ρ161.
1194 4331 1284 4407 Hipp.

112 4423 184 4481 min.
213 4424 311 4481 3716
342 4428 372 4482 61
404 4424 482 4485 Ρ161.
513 4425 635 4485 Theaet.
665 4429 727 4487 149
743 4428 772 4489 d.
821 4427 924 4487 Priore
957 4428 1106 4488 sententia
1137 4448 1284 4507 nusquam
