3022 4936
613 291 885 383 -22-'

139 489 325 561 spreverunt.
378 484 524 562 Cognovit
552 486 632 544 enim
657 477 713 561 τήν
740 479 826 543 πόλιν
853 477 907 562 οὐχ
933 477 1089 562 ἡσυχάζειν
1120 477 1183 566 (vel
1212 486 1310 560 potius

137 576 316 664 ἡσυχάσειν)
335 603 371 642 ex
388 603 493 642 eorum
512 603 587 659 quae
607 584 773 658 sequuntur
791 582 1058 657 interpretamento
1077 584 1136 642 huc
1154 583 1311 659 irrepsisse

139 700 233 756 eoque
262 682 360 740 deleto
388 673 449 739 οὔτ’
475 699 529 755 pro
555 674 625 741 οὐδὲ
649 681 837 740 scribendum
861 700 934 740 esse.
981 681 1040 741 Pro
1063 673 1119 742 οὐκ
1142 672 1181 739 dcv
1203 673 1311 759 ήσυχά-
1403 686 1406 695 “

139 796 201 839 σειν
227 782 328 838 autem
356 797 459 837 verum
491 778 637 854 praebent
664 770 719 838 οὖιι
752 770 791 837 διν
821 770 978 857 ἡσυχάζειν
1005 780 1045 840 Μ.
1073 780 1187 854 Mosqu.
1215 778 1311 855 Lugd.

139 897 212 938 corr.
236 869 347 956 Aug.¹)
395 875 507 934 Similis
535 876 618 935 locus
642 879 689 934 est
711 877 737 933 V
763 877 814 950 82,
840 878 858 935 5
883 868 898 936 ὁ
923 872 955 935 δὲ
977 876 1073 955 δῆμος
1095 879 1153 936 τῶν
1173 871 1312 956 Ἀργείων

139 973 172 1034 ε’ν
199 968 290 1057 τούτῳ
319 967 507 1052 φοβούμενος
534 966 603 1044 τοὺς
626 972 884 1051 Λακεδαιμονίους
910 972 960 1033 καί
985 968 1039 1052 τήν
1063 977 1120 1034 τῶν
1139 968 1312 1053 Ἀθηναίων

140 1071 304 1151 ξυμμαχίαν
331 1065 420 1131 ττάλιν
446 1064 668 1151 προσαγόμενός
699 1069 810 1131 τε·ιαί
841 1071 969 1150 νομίζων
1001 1069 1135 1152 με’γιστον
1167 1065 1205 1131 dv
1233 1074 1312 1149 σφᾶς

143 1163 320 1246 ὠφελήσειν,
353 1168 462 1248 τειχίζει
494 1162 589 1247 μακρά
621 1171 698 1247 τείχη
731 1167 761 1241 ἐς
788 1163 957 1246 θάλασσαν,
991 1164 1085 1247 ὅπως,
1116 1163 1156 1248 ήν
1182 1173 1233 1248 τῆς
1260 1173 1315 1250 γής

142 1267 304 1347 εἴργωνται,
328 1261 347 1346 ή
370 1261 442 1326 κατά
465 1261 621 1326 θάλασσαν
644 1269 722 1343 σφᾶς
743 1261 812 1345 μετά
830 1262 890 1326 τῶν
909 1261 1081 1346 Ἀθηναίων
1099 1262 1236 1348 ἐπαγωγή
1255 1271 1315 1328 τῶν

140 1364 311 1443 ἐπιτηδείων
335 1359 442 1446 ὠφελῇ.
489 1365 557 1425 Non
585 1367 682 1425 solum
708 1367 786 1425 male
809 1367 946 1442 iungitur
969 1361 1190 1446 τιροσαγόμενός
1212 1388 1241 1426 τε
1265 1365 1316 1426 καὶ

140 1463 282 1541 νομίζων,
313 1483 380 1523 cum
409 1464 508 1539 opinio
537 1482 572 1522 ea
600 1483 690 1525 causa
718 1464 812 1524 socios
840 1464 1025 1524 adsciscendi
1052 1467 1092 1525 sit
1119 1458 1208 1547 (alibi
1236 1467 1316 1525 euim

138 1563 213 1621 talia
236 1565 289 1620 aut
312 1555 481 1632 άσυνδέτως
510 1563 564 1620 aut
587 1563 715 1638 simplici
742 1562 794 1621 καί
820 1563 1038 1641 adiunguntur,
1066 1583 1126 1639 qua
1153 1563 1190 1622 de
1217 1584 1250 1623 rc
1279 1566 1316 1622 cf.

139 1661 275 1734 exempla
298 1659 329 1717 in
358 1660 425 1718 adn.
455 1660 495 1717 ad-
515 1659 531 1716 Ι
551 1664 579 1733 1,
605 1663 620 1718 1
647 1652 764 1742 cnara),
788 1662 841 1720 sed
864 1662 955 1720 etiam
978 1681 1068 1738 quam
1091 1662 1254 1721 utilitatem
1277 1662 1317 1720 ab

139 1757 369 1817 Atheniensium
389 1758 533 1816 societate
551 1757 661 1832 Argivi
679 1762 852 1834 exspectent
875 1760 1044 1819 accuratius
1067 1763 1175 1835 postca
1198 1759 1317 1819 dicitur.

140 1855 215 1914 Cum
242 1854 337 1930 igitur
364 1875 424 1914 non
451 1855 571 1914 credam
598 1856 642 1914 ita
670 1858 763 1916 verbe
784 1878 814 1916 τε
836 1853 886 1916 καὶ
910 1902 916 1914 .
940 1900 947 1915 .
977 1849 1141 1934 ὠφελήσειν
1164 1857 1319 1916 emendari

139 1973 227 2030 posse
255 1955 290 2011 ut
316 1952 353 2011 iis
383 1952 428 2013 vis
456 1953 550 2012 totius
580 1955 746 2015 sententiae
777 1958 938 2031 augeatur,
968 1955 1094 2014 delenda
1121 1955 1221 2030 potius
1250 1974 1317 2014 esse

140 2050 287 2110 existimo.
325 2049 412 2108 Talia
435 2051 553 2126 saepius
577 2053 731 2128 scriptoris
756 2054 855 2113 verbis
879 2054 994 2112 inserta
1016 2072 1083 2113 esse
1106 2073 1142 2112 ex
1165 2054 1201 2112 iis
1221 2055 1319 2130 suspi-

142 2150 203 2209 cari
226 2149 297 2207 licet
320 2166 396 2224 quae
419 2148 451 2206 in
474 2149 596 2224 optimis
619 2151 704 2210 libris
727 2152 813 2226 139,
838 2155 866 2212 3.
897 2154 1016 2227 113,1.
1045 2150 1076 2208 II
1098 2154 1196 2226 78,1.
1226 2155 1317 2226 91,3

140 2247 329 2306 omittuntur.
375 2245 420 2304 Ac
447 2247 581 2322 profecto
611 2248 709 2307 deleto
738 2250 820 2324 turpi
843 2249 1046 2316 additamento
1069 2250 1144 2307 nihil
1168 2251 1319 2325 estquod

141 2347 179 2405 ad
211 2345 390 2405 sententiam
422 2345 543 2419 plenam
575 2363 610 2404 ac
641 2347 829 2423 perspicuam
859 2347 1019 2409 desideres,
1070 2349 1170 2407 Unum
1198 2350 1320 2406 tantum

141 2445 269 2522 optativi
292 2464 359 2504 cum
383 2436 422 2500 άν
445 2443 596 2502 coniuncti
615 2447 783 2521 exemplum
803 2448 850 2504 cst
868 2444 896 2501 V
916 2446 971 2504 94:
996 2434 1068 2505 diors
1087 2439 1213 2525 ήσυχίαν
1231 2440 1321 2525 άγον-

141 2568 192 2617 τας
215 2538 294 2623 ήμᾶς
317 2542 423 2619 φίλους
447 2536 500 2617 μὲν
523 2533 599 2600 εἶναι
621 2536 685 2602 άντλ
708 2543 869 2619 πολεμίων,
893 2534 1064 2621 ξυμμάχους
1088 2540 1120 2603 δὲ
1144 2541 1320 2622 μηδετέρων,

142 2637 197 2704 οὐκ
230 2635 270 2701 dv
303 2637 445 2712 δέξαισθε.
492 2638 551 2698 Sed
584 2640 690 2716 optimi
717 2641 788 2700 libri
816 2634 871 2701 οάιι
899 2632 937 2700 dv
966 2637 1102 2713 δέξαισθε
1130 2644 1255 2715 habent,
1288 2646 1322 2700 et

64 2816 67 2820 Ι
142 2742 244 2800 eadem
282 2756 406 2816 prorsus
444 2739 593 2797 sententia
628 2740 742 2816 legitur
779 2732 877 2810 οὐδεὶς
912 2731 951 2797 άν
988 2735 1100 2810 δέξαιτο
1133 2739 1148 2797 Ι
1183 2741 1255 2815 143,
1290 2743 1319 2798 2.

143 2838 255 2908 Quodsi
283 2835 451 2911 optativum
479 2835 573 2896 futuri
604 2856 670 2896 cum
702 2832 741 2897 άν
771 2837 937 2914 Thucydidi
969 2837 1157 2912 displicuisse
1189 2840 1318 2911 constat,

142 2936 250 2994 mirum
276 2936 329 3012 eit,
357 2933 382 2991 si
407 2932 554 2992 infinitivo
579 2937 608 2992 et
631 2936 788 3012 participio
812 2937 843 2994 id
866 2935 975 2994 addere
999 2936 1135 2994 voluerit.
1173 2936 1321 2996 Infinitivi

143 3037 245 3093 autem
264 3032 359 3092 futuri
377 3050 445 3091 oum
463 3024 502 3090 άν
520 3031 669 3092 coniuncti
689 3038 807 3109 praeter
831 3053 866 3092 ea
889 3033 964 3109 qua'e
988 3034 1049 3091 iam
1072 3035 1235 3094 memoravi
1258 3035 1321 3093 duo

144 3133 235 3191 etiem
259 3130 395 3205 exempla
418 3131 535 3188 restant
557 3131 645 3190 valde
669 3131 790 3190 similia:
819 3131 850 3190 II
874 3133 926 3207 80,
950 3133 968 3190 8
993 3130 1174 3209 νομίζοντες,
1202 3127 1322 3193 eleuci-

143 3252 198 3307 την
220 3223 341 3307 πρωτην
363 3221 498 3305 λάβοιεν,
526 3225 635 3310 ῥᾳδίως
663 3221 702 3288 άν
730 3229 813 3306 σφίσι
835 3217 923 3287 τᾶλλα
945 3222 1166 3307 προσχωρήσειν
1190 3233 1220 3288 et
1244 3229 1322 3288 VIII

146 3329 197 3401 25,
222 3329 240 3386 5
270 3325 449 3404 νομίζοντες,
478 3324 504 3384 εἰ
530 3320 763 3408 προσαγάγοιντο
786 3325 937 3402 Μίλητον,
967 3325 1077 3408 ῥηιδίως
1102 3318 1141 3384 dv
1164 3325 1247 3402 σφίσι
1270 3324 1322 3385 καὶ

115 3503 118 3508 Ι
144 3412 231 3484 τάλλα
254 3416 482 3502 προσχωρήσειν.
520 3419 597 3492 Quid
621 3425 711 3484 scribi
734 3425 867 3500 potuerit
891 3424 1053 3484 ostendunt
1071 3423 1118 3481 ΠΙ
1139 3425 1189 3498 94,
1210 3425 1228 3482 5
1252 3420 1321 3484 τού-

144 3546 202 3582 των
220 3515 276 3602 γδιρ
295 3517 473 3599 ληφθέντων
491 3515 524 3600 (i.
544 3541 568 3582 e.
588 3521 614 3582 εἰ
635 3525 725 3581 ταῦτα
748 3515 894 3603 ληφθείη)
917 3520 1027 3602 ῥηιδίως
1050 3517 1100 3579 καὶ
1122 3510 1210 3580 τᾶλλα
1232 3540 1323 3599 τιροσ-

144 3613 288 3699 χωρήσειν
316 3621 347 3677 et
370 3619 413 3676 IV
438 3621 488 3694 69,
514 3624 529 3678 1
563 3620 744 3697 νομίζοντες,
772 3619 799 3678 εἰ
824 3616 895 3696 πρὶν
924 3616 1127 3696 ε’ττιβοηθήσαί
1150 3641 1233 3690 τινας
1261 3617 1322 3691 ε’ξὲ-

145 3721 234 3792 λοιεν,
257 3716 374 3776 θάσσον
397 3707 436 3774 άν
458 3713 508 3774 καί
530 3706 565 3774 τά
589 3712 718 3796 Μέγαρα
740 3719 953 3796 προσχωρῆσαι.
1000 3715 1116 3775 Acristi
1139 3716 1324 3777 infinitivum

145 3815 306 3890 utrobique
320 3813 508 3872 inferendum
523 3833 588 3872 esse
602 3814 709 3890 iudic0‚
728 3834 817 3890 quem
831 3815 929 3890 ipsum
946 3833 1022 3874 unus
1037 3815 1128 3875 codex
1141 3815 1217 3875 VIII
1233 3819 1283 3893 25,
1301 3821 1321 3878 5

147 3914 286 3972 servavit.
330 3913 476 3987 Exempla
498 3911 648 3986 participii
670 3930 738 3970 cum
761 3904 799 3970 άν
821 3911 865 3970 ite
888 3912 999 3970 tradita
1023 3916 1093 3971 sunt
1116 3915 1150 3971 ut
1174 3932 1231 3970 uno
1255 3914 1322 3973 loco

148 4008 191 4066 VI
216 4013 267 4087 20,
293 4013 311 4068 2
336 4003 397 4069 οὔτ’
424 4001 463 4067 άν
484 4002 538 4085 τήν
560 4001 656 4085 άρχήν
678 4001 733 4086 τήν
755 4001 896 4088 ήμετίραν
920 4005 1038 4081 εἰκότως
1060 4000 1125 4068 ἄντ’
1150 4007 1323 4091 ἐλευθερίας

40 4146 46 4161 .
148 4102 382 4182 ιτροσδεξομένας
410 4105 531 4180 plurimi
558 4105 638 4180 iique
666 4106 772 4182 optimi
797 4107 880 4184 fibri,
907 4109 1002 4167 altero
1026 4108 1054 4164 V
1080 4109 1129 4183 15,
1154 4111 1172 4166 2
1201 4103 1323 4187 γνόντες

149 4204 205 4260 νῦν
229 4205 339 4279 μᾶλλον
362 4195 401 4261 άν
424 4198 633 4280 ἕνδεξομὲνονς
657 4198 733 4264 unus
758 4200 849 4265 codex
872 4209 902 4265 et
925 4206 1029 4264 Thom.
1050 4206 1128 4281 Mag.
1148 4227 1177 4281 p.
1198 4208 1270 4281 116,
1292 4211 1322 4282 5,

148 4341 361 4350 --—-—-—·

222 4412 246 4478 1)
267 4409 381 4463 Codices
400 4406 501 4463 iisdem
519 4409 593 4465 notis
612 4409 712 4479 quibus
731 4411 761 4466 in
780 4411 903 4467 editione
922 4411 1046 4481 Poppon.
1067 4409 1228 4480 significavi.

305 4604 387 4624 Α
