3022 4936
642 357 860 420 ,49-

164 525 312 584 communi
339 525 433 583 totius
457 523 600 583 Graeciae
629 542 712 582 sacro
742 525 772 580 et
797 523 828 580 in
852 525 984 582 omnium
1008 525 1189 583 Graecorum
1212 544 1246 584 eo
1270 544 1337 585 con-

163 623 348 682 venientium
376 625 537 698 conspectu
565 614 616 702 (cf.
640 622 668 677 V
693 622 744 696 18,
769 612 840 701 10),
873 622 924 697 qui
957 624 1075 682 facilius
1099 623 1232 681 Atticam
1260 625 1339 681 certe

164 740 253 795 quam
278 723 383 780 Eleum
406 720 568 779 dialectum
590 717 816 794 intellegebant,
840 721 1018 780 collocatum
1042 725 1095 780 est.
1138 720 1238 778 Aliter
1262 721 1340 778 enim

164 819 203 876 ad
227 818 412 894 reliquarum
434 818 556 876 urbium
580 816 807 876 similitudinem
830 816 916 875 Elide
940 819 1040 893 potius
1063 817 1139 876 illud
1162 817 1340 875 collocatum

164 918 257 991 essct,
289 917 321 974 in
348 917 491 999 Eleorpm
518 914 622 989 capite.
676 912 761 983 Quod
791 913 817 971 61
844 912 888 971 116
916 917 974 986 661,
1008 913 1178 991 Olympiaci
1211 916 1341 990 exempli

164 1013 373 1090 apographum
405 1014 459 1073 Th.
488 1009 519 1070 in
552 1031 626 1087 opus
655 1030 743 1070 suum
770 1011 897 1087 recepit,
932 1016 985 1072 aut
1012 1015 1050 1072 ab
1077 1013 1141 1089 ipso
1174 1014 1340 1072 confectum

164 1112 220 1170 aut
251 1112 290 1169 ab
324 1113 390 1170 aliis
423 1112 452 1170 61
483 1111 617 1169 missum.
668 1110 812 1167 Praetera
840 1101 917 1184 ε’ττήν
944 1110 1061 1168 duobus
1090 1110 1161 1168 locis
1190 1110 1341 1170 invenitur

164 1208 197 1266 in
224 1209 330 1268 ultimo
359 1229 462 1268 eorum
493 1212 649 1284 pactorum
680 1226 757 1282 quae
785 1206 1013 1267 Lacedaemonii
1046 1227 1113 1266 cum
1142 1207 1340 1283 Γ1166661161116

164 1306 308 1366 fecerunt.
355 1307 413 1366 Sed
437 1309 468 1366 in
495 1307 542 1365 his
570 1309 655 1382 patet
677 1306 810 1365 Atticam
835 1305 996 1364 dialectum
1020 1305 1099 1383 quod
1122 1306 1239 1365 facilius
1263 1325 1341 1364 eom-

164 1406 295 1464 muniter
330 1406 559 1481 intellegeretur
593 1394 772 1478 usdrpatam
804 1422 870 1462 6666
909 1395 992 1483 (nam
1030 1404 1223 1480 Tissapherni
1260 1409 1341 1462 certe

164 1501 268 1560 Attica
295 1501 440 1561 dialectus
472 1504 595 1577 propter
621 1500 806 1560 vicinitatem
838 1501 959 1559 urbium
986 1501 1220 1562 Atheniensibus
1249 1503 1340 1562 socia-

165 1618 232 1656 rum
260 1600 357 1676 magis
384 1603 457 1659 nota
484 1603 549 1658 erat
577 1618 666 1674 quam
694 1593 870 1681 Laconica),
903 1601 1065 1676 eademque
1099 1601 1136 1660 de
1168 1620 1258 1660 causa
1287 1621 1341 1676 pro

118 1732 122 1737 -
164 1689 286 1755 ἕττειδιὶν
314 1701 344 1755 61
379 1699 506 1758 fortasse
535 1697 626 1757 etiam
654 1716 709 1773 pro
739 1689 806 1773 ἐάν,
842 1716 917 1773 quae
945 1699 1066 1758 Atticae
1094 1699 1220 1758 dialecto
1252 1700 1341 1758 nimis

164 1793 286 1872 propria
305 1799 413 1872 essent,
432 1815 468 1854 ex
487 1795 635 1855 communi
649 1794 751 1853 Ionica
770 1787 847 1871 ἐπήν
866 1798 897 1853 61
915 1789 955 1872 ἥν
973 1795 1005 1853 in
1023 1796 1060 1854 iis
1080 1796 1191 1872 ubique
1210 1814 1341 1854 assume-

164 1890 285 1950 bantur.
330 1893 408 1952 Nam
436 1895 497 1951 iam
524 1898 589 1951 tum
614 1891 748 1950 Atticum
772 1910 940 1950 sermonem
966 1892 1195 1952 Atheniensium
1217 1893 1341 1967 imperio

164 1990 316 2049 maritimo
335 1991 453 2066 longius
471 1994 669 2067 propagatum
688 1989 718 2046 in
741 2006 927 2047 communem
951 2009 1036 2048 usum
1061 1992 1159 2052 abisse
1182 1995 1213 2049 61
1235 1984 1342 2067 κοινήν

164 2088 250 2145 illam
274 2107 310 2146 er
334 2107 368 2146 eo
392 2090 465 2147 oriri
488 2089 620 2164 coepisse
643 2087 729 2145 nobis
748 2107 925 2163 persuasum
950 2092 1003 2147 ost.
1041 2088 1200 2164 Utcunque
1225 2092 1279 2163 661,
1302 2083 1342 2165 ἤν

164 2189 197 2244 et
220 2177 296 2264 ἐπήν
319 2187 349 2244 in
373 2188 468 2262 pactis
492 2187 586 2246 6Τ11.
611 2184 766 2260 exscriptis
793 2186 830 2243 ad
854 2204 943 2244 usum
973 2185 1198 2261 epigraphicum
1222 2189 1341 2245 mutare

165 2301 227 2341 non
250 2283 328 2342 licet.

255 2381 291 2439 In
317 2397 353 2440 σσ
380 2401 433 2457 pro
460 2403 490 2440 ττ
519 2383 640 2455 excepto
668 2375 737 2439 ιἰἱττα
765 2384 796 2440 61
822 2397 858 2459 ρσ
885 2401 939 2456 pro
967 2402 1001 2459 ρρ
1029 2381 1136 2456 positis
1163 2383 1266 2441 tantus
1296 2386 1342 2443 est

165 2477 313 2535 librorum
336 2497 497 2538 consensus
521 2481 555 2537 ut
578 2497 636 2537 uno
664 2479 728 2538 loco
758 2473 815 2558 (Vl
840 2482 891 2555 11,
916 2473 950 2559 6)
978 2480 1009 2537 in
1038 2480 1173 2538 omnibus
1202 2481 1341 2540 videatur

165 2578 291 2652 θαρρεῖν
309 2576 371 2651 legi
389 2577 522 2651 itemque
541 2594 600 2634 uno
615 2576 679 2634 loco
693 2569 829 2653 πράττειν
845 2570 886 2658 (V
900 2579 950 2654 45,
966 2571 999 2656 3)
1013 2577 1149 2655 κρείττων
1163 2571 1225 2655 (ΙΠ
1240 2580 1290 2654 45,
1305 2570 1340 2657 4)

166 2665 345 2743 ἐξαλλάττειν
368 2666 410 2754 (V
437 2677 486 2747 71,
512 2665 545 2752 1)
574 2669 765 2749 ταράττεσθαι
792 2667 880 2754 (VIII
907 2678 957 2750 71,
983 2668 1029 2753 1),
1062 2675 1163 2750 paucis
1191 2695 1245 2750 pro
1274 2677 1341 2734 reli-

165 2790 294 2845 quorum
316 2791 442 2830 numero
465 2773 496 2830 in
519 2774 605 2846 parte
630 2789 732 2829 eorum
755 2794 785 2830 ττ
804 2774 857 2831 aut
880 2795 915 2851 ρρ
938 2772 1116 2832 inveniatur.
1159 2773 1238 2832 Nam
1261 2775 1341 2851 quod

167 2866 260 2928 01666.
288 2869 320 2927 111
348 2871 440 2945 praef.
469 2870 508 2927 ad
531 2869 550 2927 1.
573 2868 649 2926 VIII
672 2890 699 2944 p.
724 2870 807 2930 XXV
830 2873 902 2930 dicit
924 2872 956 2930 in
980 2871 1049 2930 Vat.
1078 2874 1252 2931 constanter
1278 2874 1341 2932 fere

165 2987 196 3024 ττ
224 2967 325 3044 scribi,
354 2969 409 3028 hoc
436 2968 564 3026 maxime
592 2967 715 3027 dubium
744 2968 865 3028 videtur
892 2989 972 3043 6666,
1000 2990 1067 3028 cum
1096 2989 1132 3029 er
1159 2970 1178 3029 1.
1207 2970 1222 3028 Ι
1252 2975 1282 3030 61
1309 2970 1341 3028 H

166 3064 384 3138 scripturarum
408 3067 614 3140 dIscrepantiis
639 3087 674 3125 ex
695 3067 751 3125 hoc
775 3067 839 3126 cod.
862 3087 880 3125 6
903 3067 1046 3128 Schoenio
1071 3069 1199 3127 enotatis
1223 3071 1340 3127 contra·

166 3162 245 3219 rium
264 3168 416 3239 appareat.
454 3165 509 3223 Th.
528 3164 623 3240 igitur
641 3165 671 3222 in
691 3165 746 3223 hac
768 3184 810 3241 re,
833 3169 869 3223 ut
891 3165 1006 3241 tragici,
1030 3167 1229 3241 antiquiorem
1252 3186 1339 3225 usum

167 3263 288 3320 secutus
311 3266 367 3338 661,
391 3284 458 3323 cum
482 3262 586 3322 comici
609 3282 795 3322 communem
819 3280 890 3320 suae
913 3263 1022 3321 aetatis
1046 3263 1162 3321 dicendi
1185 3266 1342 3323 consuetu-

167 3357 265 3415 dinem
292 3363 497 3436 sequerentur.
543 3360 621 3416 Nam
643 3360 675 3418 in
698 3361 795 3419 titulis
820 3359 930 3419 Atticis
955 3360 1052 3435 quinti
1075 3361 1186 3420 saeculi
1209 3362 1341 3437 exceptis

167 3456 275 3516 Ionicis
305 3459 486 3534 quibusdam
514 3458 636 3516 urbium
663 3458 833 3518 nominibus
858 3462 888 3517 61
911 3452 1106 3537 Χερσονήσιοι
1130 3461 1341 3538 Χερσονησῖται

167 3552 353 3616 01111288
378 3549 420 3639 (6.
439 3557 492 3616 Ch.
512 3548 592 3636 452)
614 3557 726 3633 ubique
746 3572 781 3614 σσ
799 3572 834 3635 ρσ
857 3559 955 3615 exstat
980 3549 1030 3637 (cf.
1054 3556 1151 3616 Cauer
1173 3578 1202 3632 p.
1223 3560 1284 3618 285
1297 3578 1342 3634 sq.

166 3652 320 3711 Meisterh.
349 3651 369 3728 ξ
394 3656 445 3731 21,
470 3657 497 3712 3.
521 3645 566 3733 4).
616 3653 722 3727 Itaque
751 3656 895 3714 dialectus
924 3653 1118 3730 Thucydiden
1144 3657 1278 3730 postulat
1305 3660 1344 3739 ut

167 3749 210 3808 VI
231 3752 281 3826 55,
306 3753 322 3808 1
348 3750 509 3830 Μυρσίνης
531 3771 585 3828 pro
610 3751 771 3830 Μυρρίνης
794 3753 950 3829 scribatur,
975 3752 1053 3826 quod
1075 3753 1198 3827 insuper
1222 3752 1336 3811 Aristo·

165 3849 274 3924 phanis
308 3848 440 3927 Βυρσίνη
474 3842 563 3931 (Equ.
592 3847 672 3930 449)
708 3850 870 3909 confirmat.
921 3847 964 3908 Of.
997 3847 1108 3908 Herod.
1135 3849 1166 3906 H
1194 3851 1268 3925 484,
1298 3853 1339 3908 22

166 3948 317 4026 Βυρσίνης
339 3947 509 4027 Μυρσίνης.
555 3936 594 4025 ἦν
624 3944 656 4006 δὲ
685 3942 757 4025 αὕτη
785 3939 861 4026 γυνὴ
879 3939 998 4004 Ἵττττίον
1025 3948 1077 4005 τοῦ
1100 3939 1262 4024 τυράννου.
1308 3944 1340 4005 ἐν

165 4047 227 4114 τοῖς
244 4037 386 4105 Ἱιτιτεῦσι.
432 4045 537 4121 Neque
560 4046 659 4103 minus
683 4063 736 4120 pro
761 4041 871 4122 δέρρεις
893 4043 924 4101 ΙΙ
950 4045 999 4118 75,
1025 4044 1043 4101 5
1072 4040 1185 4121 δέρσεις
1208 4045 1338 4104 scriben

166 4143 239 4200 dum
273 4162 339 4202 6666
372 4146 523 4218 putamus.
574 4142 617 4203 Cf.
651 4146 790 4222 Δερσαῖοι
820 4142 852 4199 Il
886 4142 958 4214 101,
990 4144 1017 4200 3.
1068 4140 1104 4199 In
1129 4143 1225 4217 pactis
1258 4162 1276 4202 a
1309 4163 1340 4201 se

167 4239 324 4315 exscriptis
340 4240 395 4300 Th.
413 4262 443 4299 τε
462 4241 625 4300 secundum
644 4260 729 4299 suam
748 4239 865 4298 dicendi
884 4238 1125 4298 consuetudinem
1140 4240 1171 4297 in
1189 4255 1226 4298 σσ
1242 4245 1339 4300 muta·

165 4338 226 4416 vit,
252 4337 311 4396 nisi
338 4339 433 4397 credis
461 4339 493 4397 in
520 4338 690 4398 foederibus
714 4337 1015 4396 Lacedaemoniorum
1044 4355 1110 4394 oum
1140 4337 1340 4415 Tissapherne

166 4436 228 4492 iam
251 4454 287 4493 ex
311 4437 460 4494 communi
482 4437 587 4496 Ionum
612 4439 642 4495 61
664 4437 855 4496 Doriensium
878 4453 936 4492 usu
960 4450 995 4491 σσ
1018 4436 1214 4495 substitutum
1238 4437 1338 4495 fuisse.

222 4543 319 4595 Suana,
331 4546 424 4594 Quaerat.
437 4556 508 4594 gram.
1111 4541 1129 4587 4
