3022 4936
643 324 863 387 ,30-

1327 400 1331 408 ·
1400 375 1404 428 l

165 484 214 545 καὶ
242 480 279 546 od
306 481 485 565 βουλόμενος
516 483 696 564 ‘quanquam
724 483 850 546 invitus’
878 489 980 548 valere
1013 489 1112 566 docui,
1145 490 1180 546 ut
1206 486 1255 548 καί
1283 482 1340 548 οὐκ

164 581 278 643 ἐθέλων
301 585 388 646 Hom.
411 587 447 647 Il.
470 585 513 642 IV
539 588 612 645 300.
641 583 697 643 Od.
719 585 749 642 11
775 588 839 646 110
862 589 893 645 et
916 587 947 645 in
971 589 1121 646 sententio
1143 587 1342 645 condicionali

164 676 203 759 μὴ
228 677 408 761 βουλόμενος
427 684 505 745 Plat.
523 683 618 760 Legg.
637 685 730 742 sesa
753 683 837 758 dixit,
861 705 928 743 cum
947 684 1107 745 Classenus
1131 686 1216 743 nulla
1238 702 1341 743 neces-

164 781 253 840 sitate
281 785 400 841 coactus
429 802 497 841 enm
524 783 622 842 locum
650 784 754 840 contra
781 801 871 858 quam
899 784 1062 843 secundum
1086 783 1255 858 legitimum
1281 801 1342 840 ser-

165 879 260 937 monis
279 899 367 938 usum
385 881 580 955 interpretari
598 879 694 938 malit.
721 878 856 956 Uterque
875 900 893 940 a
912 901 959 941 me
978 882 1119 941 dissentit
1134 882 1170 939 de
1184 880 1229 938 IV
1245 883 1296 954 63,
1314 884 1343 953 1,

163 977 216 1034 nbi
243 977 484 1054 interpunctione
512 981 582 1054 post
608 971 667 1055 ἥδη
695 977 795 1051 posita
818 973 968 1058 φοβεροὺς
990 973 1137 1056 παρόντας
1156 971 1343 1055 Ἀθηναίους

165 1067 221 1152 (=
243 1069 298 1152 τὴν
322 1078 455 1155 φοβεραν
474 1072 647 1154 Ἀθηναίων
669 1070 851 1156 παρουσίαν)
875 1078 979 1137 eodem
1002 1079 1090 1137 modo
1113 1078 1227 1135 dictum
1250 1081 1342 1151 atque

163 1166 232 1244 τοὺς
252 1166 435 1252 Ἀθηναίους
458 1169 602 1254 μεγάλους
625 1169 818 1252 γιγνομένους
838 1174 854 1232 Ι
873 1178 924 1252 23,
945 1178 962 1234 6
989 1169 1040 1254 (cf.
1063 1175 1181 1250 reliqua
1204 1175 1345 1249 exempla

165 1289 256 1346 supra
275 1268 382 1354 allata)
406 1294 460 1350 pro
485 1273 672 1349 appositione
695 1273 803 1350 accepi,
828 1275 881 1332 sed
902 1277 1012 1334 neuter
1035 1293 1155 1334 causam
1179 1274 1267 1331 affert
1290 1292 1345 1330 cnr
1390 1314 1393 1319 ·

164 1371 241 1427 ratio
269 1391 287 1428 a
315 1391 361 1430 me
390 1373 478 1448 inita,
511 1389 587 1446 quae
621 1372 652 1428 et
680 1371 845 1428 sententiae
880 1372 1028 1430 satisfacit
1056 1375 1088 1430 et
1117 1371 1344 1448 grammaticae,

164 1468 313 1529 reicienda
346 1471 399 1547 sit,
432 1471 490 1529 nisi
522 1469 601 1543 quod
632 1466 823 1542 illegitimam
854 1470 939 1527 illam
966 1470 1118 1528 licentiam
1145 1470 1195 1526 hic
1222 1467 1343 1526 admitti

164 1583 251 1638 posse
276 1567 446 1642 opinantur.
483 1566 605 1625 Maioris
629 1566 730 1622 autem
753 1567 898 1624 momenti
921 1586 1012 1642 quam
1033 1569 1082 1626 hic
1104 1568 1189 1625 locus
1212 1567 1250 1624 ad
1274 1584 1345 1624 con·

164 1661 340 1722 firmandam
364 1666 440 1724 hanc
464 1665 633 1741 opinionem
657 1665 737 1720 esset
760 1664 820 1721 VII
845 1667 895 1741 66,
919 1667 938 1724 3
963 1659 1069 1743 ίίνδρες
1091 1658 1148 1743 γὰρ
1170 1659 1293 1722 ἐπειδὰν
1317 1651 1344 1746 ᾧ

166 1753 280 1831 ἀξιοῦσι
304 1757 445 1842 προόχειν
467 1762 645 1835 κολασθῶσι,
668 1754 701 1819 τό
723 1752 751 1838 γ’
773 1749 939 1822 ὑπόλοιπον
958 1756 1057 1823 αὐτῶν
1074 1765 1126 1840 τῆς
1145 1755 1233 1838 δόξης
1251 1753 1346 1819 ἀσθε-

165 1855 300 1937 νέστερον
323 1854 394 1921 αὐτὸ
418 1859 524 1921 ἑαυτοῦ
547 1857 624 1918 ἔστιν
647 1849 665 1934 ἢ
689 1857 716 1916 εἰ
738 1851 807 1934 μηδ’
837 1853 982 1941 ᾠήθησαν
1009 1855 1041 1920 τὸ
1069 1862 1200 1938 πρῶτον,
1229 1855 1280 1917 καί
1303 1861 1346 1941 τῷ

163 1950 233 2034 παρ’
259 1954 362 2018 ἐλπίδα
389 1962 442 2020 τοῦ
469 1952 636 2037 αὐχήματος
663 1950 861 2033 σφαλλόμενοι
888 1956 939 2017 καὶ
961 1953 1041 2037 παρδι
1065 1952 1150 2036 ἰσχὺν
1171 1959 1223 2034 τῆς
1246 1947 1346 2016 δανό-

164 2075 240 2130 μεως
263 2051 443 2134 ἕνδιδόασιν,
466 2060 491 2116 si
516 2075 620 2116 verum
644 2056 725 2111 esset
748 2055 827 2128 quod
851 2055 1012 2116 Classenus
1036 2056 1202 2131 contendit,
1226 2056 1347 2113 concin-

164 2154 269 2212 nitatis
293 2175 383 2216 oausa
406 2176 466 2215 non
488 2156 578 2213 licere
600 2154 640 2236 τῷ
663 2144 733 2227 παρ’
760 2149 863 2212 ἐλπίδα
887 2155 991 2214 eodem
1013 2156 1101 2215 modo
1125 2155 1259 2229 accipere
1284 2173 1346 2229 quo

163 2251 207 2307 lV
231 2254 282 2328 62,
307 2256 325 2311 3
351 2253 463 2313 dictum
487 2257 547 2329 est,
577 2252 628 2310 sed
652 2243 722 2327 παρ’
749 2246 852 2308 ἐλπίδα
874 2255 927 2312 τοῦ
950 2246 1117 2330 αὐχήματος
1140 2253 1255 2328 pariter
1279 2253 1347 2311 iun-

163 2351 294 2423 gendum
325 2369 390 2410 esse
418 2354 507 2426 atque
535 2342 615 2427 παρὰ
643 2342 729 2426 ἰσχὺν
755 2349 806 2424 τῆς
836 2344 990 2427 δυνάμεως
1021 2342 1071 2429 (cf.
1096 2352 1123 2407 V
1150 2352 1200 2424 14,
1232 2342 1279 2430 1),-
1310 2354 1345 2409 et

162 2447 272 2504 mirum
297 2449 445 2525 estquod
468 2450 524 2506 hoc
546 2448 611 2506 loco
634 2447 715 2504 illius
738 2445 877 2504 licentiae
901 2447 1057 2507 immemor
1086 2449 1122 2506 de
1151 2447 1278 2506 delendo
1301 2450 1344 2531 τῷ

162 2544 213 2600 ille
246 2547 373 2620 cogItat,
403 2566 484 2623 cum,
521 2545 548 2604 si
580 2543 685 2602 eadem
717 2543 833 2600 ratione
865 2564 925 2618 qua
955 2546 1000 2603 IV
1034 2548 1089 2619 63,
1125 2549 1152 2604 1,
1191 2546 1219 2603 V
1250 2549 1279 2622 7,
1314 2548 1346 2608 2.

163 2640 238 2698 VIII
264 2645 336 2717 105,
360 2647 379 2703 2
404 2665 477 2704 usus
502 2647 548 2703 est
569 2644 609 2724 τῷ
632 2661 700 2699 cum
723 2633 920 2718 σφαλλόμενοι
950 2643 1109 2719 iungatur,
1137 2643 1222 2700 nulla
1244 2646 1346 2701 muta-

163 2738 245 2797 tione
269 2759 343 2815 opus
367 2743 415 2802 sit.
453 2741 511 2800 Sed
534 2739 742 2799 concinnitatis
765 2738 843 2796 ratio
867 2740 924 2798 hoo
947 2742 1011 2800 loco
1034 2760 1094 2799 non
1116 2744 1235 2798 tantum
1258 2741 1347 2799 valet

163 2840 307 2910 quantum
335 2837 496 2898 Classenus
523 2841 620 2914 putat.
670 2836 749 2895 Nam
776 2837 849 2894 alibi
878 2857 995 2913 quoque
1023 2839 1104 2914 apud
1134 2837 1346 2912 Thucydidem

163 2933 290 2993 similem
314 2937 474 2995 verborum
497 2933 700 3009 aequabilium
723 2934 944 3010 inaequabilem
968 2925 1150 2997 structuram
1175 2936 1344 3011 deprehen-

163 3032 269 3110 dimuS,
294 3035 378 3094 velut
401 3034 448 3092 ΙΠ
468 3036 520 3110 82,
539 3034 558 3090 8
584 3023 717 3111 εὐσεβείᾳ
740 3027 873 3108 μὲν...
898 3029 1055 3115 εὐπρεπείᾳ
1079 3030 1112 3092 δέ
1135 3035 1166 3091 et
1184 3032 1228 3090 VI
1249 3036 1301 3108 17,
1323 3037 1344 3092 3

162 3127 194 3189 ἐκ
217 3135 269 3191 τοῦ
293 3129 385 3211 λέγων
407 3132 524 3192 πείθειν
548 3122 567 3207 ἢ
592 3123 763 3206 στασιάζων,
787 3133 818 3190 et
837 3133 1027 3209 Thucydides
1050 3132 1150 3192 verbis
1172 3133 1226 3191 τοῦ
1250 3125 1346 3210 αὐχή-

162 3250 252 3304 ματος
270 3225 468 3308 σφαλλόμενοι
487 3228 675 3305 superiorum
695 3222 817 3287 ἐπειδὰν
836 3216 859 3311 ᾧ
878 3223 994 3300 ἀξιοῦσι
1012 3222 1152 3308 προύχειν
1170 3232 1345 3289 κολουθῶσι

163 3329 343 3386 sententiam
371 3333 509 3388 accurate
536 3324 661 3384 reddere
687 3328 795 3385 maluit
817 3347 907 3403 quarn
931 3328 1144 3388 vocabulorum
1166 3327 1342 3384 iuncturam

163 3427 355 3499 sequentibus
380 3429 595 3503 congruentem
618 3444 806 3500 comparare,
833 3445 926 3501 eaque
949 3445 987 3484 ne
1010 3427 1041 3482 in
1064 3425 1154 3483 simili
1178 3424 1345 3507 verborum

162 3521 258 3580 forma
287 3543 341 3582 sua
370 3530 474 3600 sponte
503 3525 676 3598 exsisteret,
704 3525 806 3582 addito
834 3524 874 3605 τῷ
899 3523 998 3581 effecit
1021 3525 1055 3580 ut
1077 3514 1147 3599 παρ’
1174 3518 1279 3579 ἐλπίδα
1303 3524 1345 3581 ab

161 3619 333 3696 insequenti
355 3625 408 3682 τοῦ
431 3616 599 3702 αὐχήματος
622 3621 853 3697 disiungeretur.
892 3619 967 3679 Cum
990 3622 1086 3697 igitur
1110 3641 1145 3679 ex
1168 3621 1240 3679 locis
1262 3622 1345 3680 Thn-

162 3717 293 3793 cydideis
308 3721 494 3796 quiquidem
509 3720 717 3778 consentiente
730 3719 874 3803 librorum
890 3722 921 3778 et
937 3721 1178 3779 testimoniorum
1196 3721 1346 3779 memoria

161 3816 268 3873 traditi
291 3820 361 3875 sunt
385 3818 485 3876 nullus
510 3817 630 3876 steterit
653 3818 724 3892 quin
750 3816 912 3874 secundum
935 3818 1102 3893 legitimam
1125 3817 1243 3875 dicendi
1272 3838 1345 3878 con-

163 3914 352 3972 suetudinem
367 3916 508 3990 explioari
522 3914 627 3991 possit,
646 3915 734 3990 plane
751 3914 811 3972 iam
830 3918 930 3973 actum
949 3919 996 3974 est
1015 3916 1051 3975 de
1070 3934 1129 3973 uno
1149 3919 1180 3973 et
1198 3920 1345 3991 suspecto
1373 3907 1377 3913 ⁶

161 4010 214 4068 illo
234 4011 368 4071 Platonis
388 4015 524 4088 exemplo
542 4015 633 4088 idque
653 4013 859 4072 emendatione
882 4032 971 4088 egere
995 4016 1128 4088 apparet.
1165 4014 1275 4088 Itaque
1299 4016 1346 4075 ibi

162 4112 216 4166 aut
243 4102 319 4167 εῖναι
346 4114 416 4184 post
443 4105 544 4189 ἀρίστη
572 4110 740 4169 addendum
769 4115 831 4188 est,
861 4131 938 4187 quae
965 4111 1060 4187 proba
1088 4115 1135 4169 est
1163 4113 1344 4173 recentioris

162 4226 267 4265 manus
296 4208 327 4265 in
355 4209 416 4268 cod.
444 4208 518 4268 Ven.
548 4212 579 4266 Σ
602 4214 772 4269 correctura
800 4211 911 4285 optime
942 4210 1119 4269 conveniens
1148 4209 1186 4266 ad
1214 4209 1346 4271 Theaet.

165 4306 257 4363 170b
288 4299 343 4364 οὐκ
370 4298 447 4385 όίλλφ
475 4329 513 4387 τῳ
543 4304 737 4384 διαφέροντας
763 4300 782 4386 ἢ
810 4310 849 4391 τῷ
878 4304 988 4367 εἰδέναι
1021 4310 1052 4365 et
1079 4306 1115 4365 de
1144 4307 1215 4382 Rep.
1246 4311 1346 4372 501a

162 4397 254 4487 τούτῳ
278 4395 317 4461 δν
336 4396 430 4472 εὐθὺς
448 4406 506 4461 τῶν
524 4400 621 4464 ίίλλων
640 4404 827 4485 διενέγκοιεν,
850 4408 889 4487 τῷ
908 4398 979 4481 μήτε
998 4398 1116 4464 ίδιιότον
1136 4396 1206 4481 μήτε
1226 4402 1347 4482 πόλεως

322 4568 467 4658 Α
