3022 4936
641 327 859 390 „14-

162 489 245 546 cuius
269 489 333 565 ipse
357 491 584 573 effectus-nullo
606 491 749 564 temporis
768 494 907 566 respectu
926 492 1095 552 declaretur
1113 511 1181 550 curn
1200 490 1232 551 ἐν
1249 512 1338 568 prae·
1437 514 1440 550 ι

160 586 308 660 positione
337 588 493 647 enuntiata
520 607 557 646 ne
585 587 652 663 ipsa
680 587 800 662 quidem
829 589 867 647 ad
895 592 1009 647 certum
1037 589 1187 665 quoddam
1205 593 1336 666 ,tempus
1435 594 1440 617 *

161 684 318 745 referatur.
364 686 449 744 Nihil
476 687 555 744 enim
584 683 771 767 significatur
795 686 855 745 nisi
878 687 947 762 quid
972 687 1003 744 in
1027 706 1064 746 ea
1086 709 1118 747 re
1141 690 1274 765 positum
1297 690 1337 748 sit

160 782 223 841 sive
252 784 405 843 consistat.
452 782 496 842 Cf.
520 784 566 841 ΙΙΙ
592 785 642 858 10,
668 786 683 840 1
716 779 749 840 ἐν
774 776 830 861 γάρ
853 785 892 865 τῷ
916 778 1121 844 διαλλάσσοντι
1143 788 1195 862 τής
1218 780 1337 864 γνώμης
1434 768 1439 796 ’

159 876 210 937 καί
233 879 266 937 αί
287 879 429 958 διαφοραί
452 884 510 941 τῶν
533 879 627 961 ἔργων
645 880 847 940 καθίστανται.
885 882 998 940 Eadem
1017 883 1226 958 interpretatio
1246 885 1336 943 etiarn

162 977 175 1034 Ι
201 980 273 1053 121,
297 981 317 1036 4
345 980 444 1039 locum
467 980 571 1052 habet,
599 998 666 1039 cum
691 978 734 1036 ibi
758 998 875 1055 quoque
899 997 1007 1039 causae
1030 1001 1083 1055 per
1107 1001 1138 1040 se
1162 983 1335 1041 enuntiatae

161 1074 242 1134 solus
267 1077 389 1135 effectus
413 1076 570 1138 indicetur.
611 1077 713 1153 Atque
736 1078 791 1136 hoc
814 1077 933 1136 nomine
956 1078 1030 1137 haec
1053 1079 1114 1137 tria
1137 1082 1273 1154 exempla
1296 1081 1334 1138 ab

161 1173 297 1232 omnibus
325 1174 444 1234 diversa
472 1177 543 1233 sunt
570 1173 601 1231 in
629 1174 737 1250 quibus
767 1193 857 1249 supra
890 1193 908 1232 a
938 1175 1070 1234 librariis
1103 1181 1235 1236 erratum
1269 1197 1336 1236 esse

160 1269 400 1345 significavimus.
452 1272 559 1330 Restat
591 1290 683 1329 unum
715 1272 871 1330 indicativi
903 1274 1071 1346 praesentis
1105 1277 1273 1350 exemplum
1306 1276 1337 1333 in

159 1386 217 1442 quc
246 1388 351 1428 revera
378 1370 416 1427 ad
444 1360 580 1427 futurum
609 1372 728 1445 tempus
752 1369 858 1444 respici
882 1369 914 1426 in
937 1373 1096 1445 propatulo
1121 1373 1169 1430 sit.
1214 1373 1336 1430 Etenim

159 1464 203 1522 IV
224 1468 273 1537 10,
298 1468 317 1524 3
341 1470 394 1526 τοῦ
418 1514 425 1527 .
450 1514 456 1526 .
480 1515 486 1525 .
511 1466 620 1545 χωρίου
643 1459 675 1526 τὸ
700 1463 884 1543 δυσέμβατον
907 1513 913 1525 .
937 1514 944 1526 .
968 1511 975 1524 .
999 1461 1148 1543 μενόντων
1172 1464 1225 1545 μὲν
1247 1461 1334 1545 ήμῶν

160 1556 311 1641 ξύμμαχον
334 1564 470 1643 γίγνεται,
494 1556 701 1641 ὑποχωρήσασι
724 1559 755 1621 δὲ
773 1563 878 1640 καίπερ
897 1558 1024 1643 χαλεπὸν
1043 1556 1079 1624 όν
1098 1561 1228 1643 είίπσρον
1246 1564 1336 1641 ἔσται,

160 1660 305 1736 quidquid
328 1661 480 1736 ceteroqui
504 1661 540 1719 de
563 1661 620 1720 loci
642 1660 818 1737 integritate
844 1661 1007 1738 iudicatur,
1036 1681 1178 1738 praesens
1207 1663 1335 1742 γίγνεται

160 1759 191 1816 et
219 1757 354 1817 futurum
382 1756 460 1817 ἔσται
487 1759 531 1816 ita
558 1758 637 1816 inter
666 1777 696 1816 se
726 1758 897 1817 referuntur
925 1763 959 1818 ut
987 1760 1025 1817 ad
1053 1760 1132 1818 idem
1158 1763 1276 1836 tempus
1301 1781 1336 1820 ea

160 1855 310 1928 pertinere
338 1857 444 1931 negari
471 1859 607 1931 nequeat.
654 1855 755 1930 Atque
783 1856 859 1915 hanc
885 1859 1052 1932 praesentis
1080 1858 1208 1936 γίγνεται
1232 1859 1335 1917 futuro

159 1949 238 2010 ἔσται
269 1955 476 2028 respondentis
509 1954 770 2014 inconcinnitatem
806 1947 874 2033 (τήν
905 1949 985 2032 παρὰ
1018 1950 1086 2026 τους
1118 1950 1244 2033 χρόνους
1276 1960 1335 2015 τῶν

159 2042 299 2129 ῥημάτων
327 2049 523 2131 ἐκβεβηκυῖαν
551 2046 583 2111 τὸ
616 2046 796 2129 κατάλληλον
825 2047 948 2133 φράσιν)
973 2055 1095 2129 Dionys.
1124 2054 1192 2115 Hal.
1215 2075 1244 2131 p.
1270 2058 1331 2115 801

160 2142 220 2225 (ed,
243 2142 359 2226 Reisk.)
383 2151 558 2225 vituperans
582 2151 629 2208 his
654 2151 754 2208 verbis
778 2150 959 2225 designavit:
988 2145 1020 2211 τὸ
1049 2147 1102 2228 μὲν
1127 2144 1183 2230 γάρ
1206 2151 1334 2230 γίγνεται

157 2247 210 2305 τοῦ
240 2241 386 2322 παρόντος
418 2245 491 2319 ἐστί,
523 2241 555 2307 τὸ
589 2244 620 2306 δὲ
653 2245 731 2306 ἔσται
762 2249 814 2306 τοῦ
845 2244 997 2323 μέλλοντος
1024 2242 1132 2326 χρόνου
1162 2244 1334 2325 δηλωτικόν.

160 2340 235 2400 Cum
258 2344 314 2400 hoc
337 2348 437 2401 autem
462 2345 528 2403 loco
552 2346 771 2420 componendus
796 2348 843 2402 est
866 2345 1055 2405 Herodoteus
1075 2347 1134 2403 VII
1155 2349 1217 2405 236
1238 2346 1264 2405 εί
1282 2390 1288 2404 .
1304 2393 1334 2409 ..

159 2440 325 2533 τριηκοσίας
354 2433 451 2520 (νέας)
480 2435 667 2518 άποπὲμψεις
694 2433 870 2519 περιπλώειν
903 2437 1145 2519 Πελοπόννησον,
1181 2437 1337 2523 άξιόμαχοί

157 2557 202 2595 τοι
225 2536 356 2616 γίνονται
379 2538 410 2597 οί
431 2531 597 2597 άντίπαλοι·
622 2531 694 2615 άλής
718 2535 751 2597 δὲ
774 2533 831 2598 ἐάν
855 2532 870 2598 ὃ
894 2535 1031 2612 ναυτικὸς
1054 2535 1173 2618 στρατὸς
1192 2541 1331 2619 δυσμετα-

159 2630 297 2712 χείριστός
325 2657 353 2695 τε
382 2630 494 2697 αὐτοῖσι
521 2636 631 2715 γίνεται
657 2632 707 2694 καὶ
739 2630 832 2714 άρχήν
864 2629 919 2696 oria
952 2633 1107 2718 άξιόμαχοί
1133 2662 1177 2698 τοι
1207 2638 1333 2711 ἔσονται,

159 2733 210 2790 ubi
232 2732 364 2811 γίνονται
387 2735 520 2793 eiusdem
544 2735 688 2810 temporis
712 2738 758 2793 cst
780 2738 871 2811 atque
890 2729 1086 2813 ἀποπέμψεις,
1108 2737 1219 2816 γίνεται
1238 2738 1331 2796 simil-

157 2831 227 2888 lime
246 2834 336 2905 atque
354 2833 384 2888 in
403 2833 469 2891 loco
489 2832 682 2906 Thucydideo
703 2831 836 2889 eiusdem
855 2833 938 2891 cuius
958 2832 1081 2895 ἔσονται.
1114 2833 1212 2893 Causa
1230 2839 1331 2893 autem

159 2948 211 2988 cur
234 2928 264 2986 id
288 2930 367 3005 quod
390 2930 425 2988 fit
447 2930 504 2989 hoc
526 2931 615 2990 modo
638 2931 722 2989 iuxta
745 2932 873 3003 ponatur
897 2931 925 2988 ei
948 2933 1027 3007 qnod
1050 2932 1108 2990 erit
1131 2952 1167 2990 ex
1190 2933 1235 2989 his
1258 2933 1331 3007 ipsis

158 3028 231 3086 locis
260 3031 341 3086 certo
369 3028 566 3104 cognoscitur.
617 3027 700 3097 Quod
729 3027 807 3085 enim
835 3028 869 3087 fit
896 3048 956 3087 non
983 3032 1042 3104 est,
1074 3030 1125 3088 sed
1155 3031 1220 3088 erit.
1271 3031 1331 3088 Res

157 3126 369 3202 comprobatur
396 3128 491 3186 altero
523 3127 588 3184 loco
617 3125 787 3185 Herodotco
816 3126 875 3184 VII
905 3129 955 3200 10,
985 3131 1002 3185 2
1037 3129 1161 3203 scripto:
1191 3120 1231 3206 ἢν
1261 3174 1267 3187 .
1292 3174 1297 3186 .
1324 3175 1330 3188 .

157 3218 329 3301 νικήσαντες
352 3224 500 3306 ναυμαχίη
522 3215 643 3283 πλάωσι
665 3221 695 3294 ἐς
717 3216 770 3282 τόν
788 3215 1005 3299 Ἑλλήσποντον
1023 3222 1072 3283 καὶ
1091 3222 1202 3284 ἔπειτεν
1220 3216 1332 3285 λάσωσι

157 3314 211 3397 τήν
229 3317 373 3399 γέφυραν,
396 3325 480 3383 τοῦτο
501 3317 548 3399 δή,
572 3323 701 3400 βασιλεῦ,
725 3321 834 3399 γίνεται
855 3315 964 3394 δεινόν,
988 3322 1041 3380 ubi
1059 3341 1113 3397 pro
1131 3323 1241 3401 γίνεται
1259 3323 1331 3382 licet

157 3416 234 3479 ἔσται
272 3423 464 3481 substituere.
519 3422 622 3496 Neque
658 3421 746 3478 aliter
777 3418 1020 3493 interpretandus
1052 3422 1099 3476 cst
1129 3420 1252 3493 Antiph.
1285 3421 1331 3478 111

156 3540 174 3595 γ
200 3521 253 3576 11;
282 3514 493 3598 καταλαβόντες
521 3513 574 3595 μὲν
600 3511 657 3596 γάρ
684 3509 775 3575 αὐτὸν
801 3562 807 3575 .
833 3562 838 3573 .
863 3559 869 3574 .
899 3512 1028 3591 καθαροί
1056 3516 1114 3573 τῶν
1142 3512 1330 3595 ἐγκλημάτων

157 3612 270 3691 ἔσεσθε,
287 3610 487 3688 άπολόσαντες
501 3612 533 3676 δὲ
548 3608 678 3674 ὑπαίτιον
691 3612 886 3685 καθίστασθε,
900 3632 968 3671 cum
981 3612 1182 3673 καθίστασθαι
1196 3617 1330 3691 proxime

156 3713 194 3769 ad
221 3711 375 3791 γίγνεσθαι
403 3716 488 3775 verbi
516 3713 694 3772 sententiam
725 3709 854 3769 accedat.
904 3709 994 3767 Patet
1021 3714 1123 3769 autem
1151 3713 1230 3771 hunc
1257 3714 1329 3772 indi-

156 3811 247 3870 cativi
277 3814 444 3887 praesentis
477 3832 564 3870 usum
597 3829 684 3885 posse
716 3807 862 3885 applicari
897 3809 988 3866 etiarn
1020 3809 1153 3869 eiusdem
1186 3812 1329 3886 temporis

156 3908 310 3968 infinitivo,
342 3910 443 3986 Atque
462 3911 517 3969 hoc
537 3912 642 3984 quater
661 3908 741 3982 apud
760 3905 965 3982 Thucydidem
984 3906 1097 3965 factum
1117 3912 1176 3967 est:
1196 3908 1293 3984 1184,
1310 3912 1328 3966 2

156 4003 206 4064 καί
234 4029 289 4084 την
317 4005 495 4085 ἐπιχείρησιν
522 4000 572 4082 ἐφ’
599 4002 692 4088 ἑαυτῷ
719 4025 748 4062 τε
771 3997 903 4080 ἐνόμιζεν
925 3995 1015 4077 εἶναι,
1044 3997 1154 4065 ὁπόταν
1177 4000 1328 4083 βούληται,

157 4101 286 4165 ...καί
309 4097 371 4163 τότε
393 4104 548 4180 καλλίστην
570 4104 737 4182 γίγνεσθαι,
760 4102 807 4160 ΠΙ
827 4104 878 4177 92,
902 4104 921 4159 4
946 4101 978 4161 οί
999 4096 1230 4178 Λακεδαιμόνιοι
1253 4099 1327 4182 γνω’-

157 4224 216 4278 μην
236 4194 315 4280 εἶχον
333 4195 387 4279 τήν
405 4194 545 4261 άποικίαν
564 4198 730 4278 ἐκπέμπειν,
753 4205 814 4272 τοῖς
836 4221 865 4258 τε
890 4200 1057 4279 Τραχινίοις
1079 4194 1256 4277 βουλόμενοι
1278 4202 1326 4260 καί

156 4303 216 4370 τοῖς
248 4302 395 4376 Δωριεῦσι
426 4303 571 4377 τιμωρεῖν.
624 4295 674 4357 καὶ
705 4293 766 4375 άμα
797 4299 849 4358 τοῦ
881 4291 955 4374 πρὸς
983 4290 1164 4374 Ἀθηναίους
1195 4296 1328 4376 πολέμου

157 4399 254 4470 καλῶς
277 4392 378 4470 αὐτοῖς
400 4392 496 4458 ἐδόκει
518 4389 537 4475 ή
561 4388 645 4468 πόλις
667 4396 881 4469 καθίστασθαι,
909 4394 951 4451 IV
977 4399 1006 4471 9,
1030 4398 1049 4454 3
1076 4390 1142 4454 οότε
1164 4389 1220 4474 γάρ
1244 4391 1327 4456 αὐτοὶ
