<?xml version="1.0" encoding="UTF-8"?>
<!DOCTYPE html PUBLIC "-//W3C//DTD XHTML 1.0 Transitional//EN"
    "http://www.w3.org/TR/xhtml1/DTD/xhtml1-transitional.dtd">
<html xmlns="http://www.w3.org/1999/xhtml" xml:lang="en" lang="en">
 <head>
  <title>
</title>
<meta http-equiv="Content-Type" content="text/html;charset=utf-8" />
  <meta name='ocr-system' content='tesseract 3.04.00' />
  <meta name='ocr-capabilities' content='ocr_page ocr_carea ocr_par ocr_line ocrx_word'/>
</head>
<body>
  <div class='ocr_page' id='page_1' title='image "./quaestionesgram02stahgoog_0059.png"; bbox 0 0 3022 4936; ppageno 0'>
   <div class='ocr_carea' id='block_1_1' title="bbox 734 348 949 413">
    <p class='ocr_par' dir='ltr' id='par_1_1' title="bbox 734 348 949 413">
     <span class='ocr_line' id='line_1_1' title="bbox 734 348 949 413; baseline 0.005 -19"><span class='ocrx_word' id='word_1_1' title='bbox 734 348 949 413; x_wconf 80' lang='lat'>..50-</span> 
     </span>
    </p>
   </div>
   <div class='ocr_carea' id='block_1_2' title="bbox 251 507 1433 2057">
    <p class='ocr_par' dir='ltr' id='par_1_2' title="bbox 254 507 1431 1081">
     <span class='ocr_line' id='line_1_2' title="bbox 346 507 1428 590; baseline 0.001 -19"><span class='ocrx_word' id='word_1_2' title='bbox 346 515 399 573; x_wconf 87' lang='lat' dir='ltr'>Th.</span> <span class='ocrx_word' id='word_1_3' title='bbox 426 507 480 586; x_wconf 83' lang='grc' dir='ltr'>ξόν</span> <span class='ocrx_word' id='word_1_4' title='bbox 509 515 618 573; x_wconf 79' lang='lat' dir='ltr'>dixisse</span> <span class='ocrx_word' id='word_1_5' title='bbox 641 514 728 572; x_wconf 87' lang='lat' dir='ltr'>testis</span> <span class='ocrx_word' id='word_1_6' title='bbox 753 516 799 572; x_wconf 89' lang='lat' dir='ltr'>est</span> <span class='ocrx_word' id='word_1_7' title='bbox 821 514 911 573; x_wconf 86' lang='lat' dir='ltr'>Maro.</span> <span class='ocrx_word' id='word_1_8' title='bbox 937 516 988 586; x_wconf 82' lang='lat'>52,</span> <span class='ocrx_word' id='word_1_9' title='bbox 1016 514 1047 572; x_wconf 90' lang='lat' dir='ltr'>in</span> <span class='ocrx_word' id='word_1_10' title='bbox 1071 534 1163 590; x_wconf 87' lang='lat' dir='ltr'>eoque</span> <span class='ocrx_word' id='word_1_11' title='bbox 1188 515 1270 574; x_wconf 85' lang='lat' dir='ltr'>codd.</span> <span class='ocrx_word' id='word_1_12' title='bbox 1293 515 1338 573; x_wconf 92' lang='lat' dir='ltr'>ita</span> <span class='ocrx_word' id='word_1_13' title='bbox 1360 533 1428 572; x_wconf 91' lang='lat' dir='ltr'>con-</span> 
     </span>
     <span class='ocr_line' id='line_1_3' title="bbox 257 604 1429 692; baseline -0.004 -20"><span class='ocrx_word' id='word_1_14' title='bbox 257 613 392 672; x_wconf 87' lang='lat' dir='ltr'>sentiunt</span> <span class='ocrx_word' id='word_1_15' title='bbox 414 614 449 669; x_wconf 90' lang='lat' dir='ltr'>ut</span> <span class='ocrx_word' id='word_1_16' title='bbox 472 630 524 670; x_wconf 83' lang='lat' dir='ltr'>sex</span> <span class='ocrx_word' id='word_1_17' title='bbox 546 615 665 670; x_wconf 86' lang='lat' dir='ltr'>tantum</span> <span class='ocrx_word' id='word_1_18' title='bbox 687 612 760 670; x_wconf 86' lang='lat' dir='ltr'>locis</span> <span class='ocrx_word' id='word_1_19' title='bbox 784 604 956 692; x_wconf 77' lang='grc' dir='ltr'><em>(σύνδεσμοι</em></span> <span class='ocrx_word' id='word_1_20' title='bbox 980 612 1011 670; x_wconf 95' lang='lat' dir='ltr'>II</span> <span class='ocrx_word' id='word_1_21' title='bbox 1037 614 1109 688; x_wconf 89' lang='lat'>102,</span> <span class='ocrx_word' id='word_1_22' title='bbox 1128 614 1159 688; x_wconf 87' lang='grc'>4,</span> <span class='ocrx_word' id='word_1_23' title='bbox 1183 616 1362 690; x_wconf 84' lang='grc' dir='ltr'><em>συλλεχεῐσαι</em></span> <span class='ocrx_word' id='word_1_24' title='bbox 1384 611 1429 668; x_wconf 90' lang='lat' dir='ltr'>IV</span> 
     </span>
     <span class='ocr_line' id='line_1_4' title="bbox 258 699 1429 791; baseline -0.004 -22"><span class='ocrx_word' id='word_1_25' title='bbox 258 713 307 785; x_wconf 93' lang='grc'>25,</span> <span class='ocrx_word' id='word_1_26' title='bbox 333 713 361 786; x_wconf 90' lang='grc'>3,</span> <span class='ocrx_word' id='word_1_27' title='bbox 390 710 519 787; x_wconf 81' lang='grc' dir='ltr'><em>συνεχῶς</em></span> <span class='ocrx_word' id='word_1_28' title='bbox 541 708 585 766; x_wconf 92' lang='lat' dir='ltr'>IV</span> <span class='ocrx_word' id='word_1_29' title='bbox 609 710 661 786; x_wconf 85' lang='lat'>43,</span> <span class='ocrx_word' id='word_1_30' title='bbox 685 711 715 784; x_wconf 87' lang='lat'>5,</span> <span class='ocrx_word' id='word_1_31' title='bbox 743 699 946 768; x_wconf 83' lang='grc' dir='ltr'><em>συστασιόσων</em></span> <span class='ocrx_word' id='word_1_32' title='bbox 968 709 1012 791; x_wconf 78' lang='lat' dir='ltr'>IV</span> <span class='ocrx_word' id='word_1_33' title='bbox 1037 711 1088 784; x_wconf 83' lang='grc'>88,</span> <span class='ocrx_word' id='word_1_34' title='bbox 1112 711 1141 785; x_wconf 85' lang='grc'>4,</span> <span class='ocrx_word' id='word_1_35' title='bbox 1167 706 1378 788; x_wconf 77' lang='grc' dir='ltr'><strong><em>συστραφέντες</em></strong></span> <span class='ocrx_word' id='word_1_36' title='bbox 1401 708 1429 764; x_wconf 89' lang='lat' dir='ltr'><strong>V</strong></span> 
     </span>
     <span class='ocr_line' id='line_1_5' title="bbox 258 798 1431 887; baseline -0.004 -20"><span class='ocrx_word' id='word_1_37' title='bbox 258 811 308 884; x_wconf 98' lang='grc'>10,</span> <span class='ocrx_word' id='word_1_38' title='bbox 333 811 360 881; x_wconf 91' lang='grc'>9,</span> <span class='ocrx_word' id='word_1_39' title='bbox 389 801 527 867; x_wconf 80' lang='grc' dir='ltr'><em>συνόδων</em></span> <span class='ocrx_word' id='word_1_40' title='bbox 549 807 577 863; x_wconf 88' lang='lat' dir='ltr'><strong>V</strong></span> <span class='ocrx_word' id='word_1_41' title='bbox 604 810 653 883; x_wconf 93' lang='grc'>17,</span> <span class='ocrx_word' id='word_1_42' title='bbox 678 798 712 887; x_wconf 90' lang='grc'>2)</span> <span class='ocrx_word' id='word_1_43' title='bbox 736 825 843 866; x_wconf 87' lang='lat' dir='ltr'>omnes</span> <span class='ocrx_word' id='word_1_44' title='bbox 871 807 998 866; x_wconf 87' lang='lat' dir='ltr'>alteram</span> <span class='ocrx_word' id='word_1_45' title='bbox 1021 800 1152 882; x_wconf 76' lang='lat' dir='ltr'>jformam</span> <span class='ocrx_word' id='word_1_46' title='bbox 1176 807 1348 883; x_wconf 85' lang='lat' dir='ltr'>praebeant</span> <span class='ocrx_word' id='word_1_47' title='bbox 1393 805 1431 863; x_wconf 93' lang='lat' dir='ltr'>In</span> 
     </span>
     <span class='ocr_line' id='line_1_6' title="bbox 254 896 1429 986; baseline -0.002 -23"><span class='ocrx_word' id='word_1_48' title='bbox 254 906 352 964; x_wconf 88' lang='lat' dir='ltr'>titulis</span> <span class='ocrx_word' id='word_1_49' title='bbox 371 905 480 966; x_wconf 85' lang='lat' dir='ltr'>Atticis</span> <span class='ocrx_word' id='word_1_50' title='bbox 499 925 593 981; x_wconf 90' lang='lat' dir='ltr'>usque</span> <span class='ocrx_word' id='word_1_51' title='bbox 612 905 650 963; x_wconf 90' lang='lat' dir='ltr'>ad</span> <span class='ocrx_word' id='word_1_52' title='bbox 665 923 691 966; x_wconf 89' lang='lat' dir='ltr'>a.</span> <span class='ocrx_word' id='word_1_53' title='bbox 707 907 771 963; x_wconf 91' lang='grc'>410</span> <span class='ocrx_word' id='word_1_54' title='bbox 791 924 816 962; x_wconf 88' lang='lat' dir='ltr'>a.</span> <span class='ocrx_word' id='word_1_55' title='bbox 833 902 886 962; x_wconf 79' lang='lat' dir='ltr'>Ch.</span> <span class='ocrx_word' id='word_1_56' title='bbox 904 903 1059 978; x_wconf 85' lang='lat' dir='ltr'>praevalet</span> <span class='ocrx_word' id='word_1_57' title='bbox 1077 897 1132 975; x_wconf 82' lang='grc' dir='ltr'>ξόν</span> <span class='ocrx_word' id='word_1_58' title='bbox 1152 896 1320 986; x_wconf 84' lang='lat' dir='ltr'>(Meisterh.</span> <span class='ocrx_word' id='word_1_59' title='bbox 1339 900 1359 977; x_wconf 65' lang='grc' dir='ltr'>ξ</span> <span class='ocrx_word' id='word_1_60' title='bbox 1377 906 1429 976; x_wconf 91' lang='grc'>49,</span> 
     </span>
     <span class='ocr_line' id='line_1_7' title="bbox 257 978 1158 1081; baseline -0.002 -20"><span class='ocrx_word' id='word_1_61' title='bbox 257 996 327 1081; x_wconf 92' lang='grc'>11),</span> <span class='ocrx_word' id='word_1_62' title='bbox 350 1006 455 1079; x_wconf 72' lang='lat' dir='ltr'>poetae</span> <span class='ocrx_word' id='word_1_63' title='bbox 480 1003 606 1063; x_wconf 77' lang='lat' dir='ltr'>scaenici</span> <span class='ocrx_word' id='word_1_64' title='bbox 629 1004 756 1077; x_wconf 87' lang='lat' dir='ltr'>utraque</span> <span class='ocrx_word' id='word_1_65' title='bbox 779 1003 876 1060; x_wconf 87' lang='lat' dir='ltr'>forma</span> <span class='ocrx_word' id='word_1_66' title='bbox 898 1004 1033 1060; x_wconf 90' lang='lat' dir='ltr'>utuntur.</span> <span class='ocrx_word' id='word_1_67' title='bbox 1142 978 1158 1005; x_wconf 67' lang='lat'>⁸</span> 
     </span>
    </p>

    <p class='ocr_par' dir='ltr' id='par_1_3' title="bbox 255 1094 1432 1376">
     <span class='ocr_line' id='line_1_8' title="bbox 345 1094 1431 1179; baseline 0.001 -20"><span class='ocrx_word' id='word_1_68' title='bbox 345 1102 507 1178; x_wconf 85' lang='lat' dir='ltr'>Phrynichi</span> <span class='ocrx_word' id='word_1_69' title='bbox 535 1121 562 1176; x_wconf 90' lang='lat' dir='ltr'>p.</span> <span class='ocrx_word' id='word_1_70' title='bbox 594 1103 634 1158; x_wconf 92' lang='grc'>14</span> <span class='ocrx_word' id='word_1_71' title='bbox 663 1103 855 1176; x_wconf 88' lang='lat' dir='ltr'>praeceptum</span> <span class='ocrx_word' id='word_1_72' title='bbox 883 1094 964 1176; x_wconf 85' lang='grc' dir='ltr'><em>μέχρι</em></span> <span class='ocrx_word' id='word_1_73' title='bbox 993 1095 1025 1158; x_wconf 80' lang='grc' dir='ltr'>δὲ</span> <span class='ocrx_word' id='word_1_74' title='bbox 1054 1097 1104 1160; x_wconf 76' lang='grc' dir='ltr'>καὶ</span> <span class='ocrx_word' id='word_1_75' title='bbox 1131 1095 1197 1179; x_wconf 79' lang='grc' dir='ltr'><em>όχρι</em></span> <span class='ocrx_word' id='word_1_76' title='bbox 1224 1097 1286 1178; x_wconf 86' lang='grc' dir='ltr'><em>λέχε</em></span> <span class='ocrx_word' id='word_1_77' title='bbox 1313 1100 1345 1158; x_wconf 91' lang='lat' dir='ltr'>et</span> <span class='ocrx_word' id='word_1_78' title='bbox 1374 1099 1431 1160; x_wconf 84' lang='lat' dir='ltr'>Th.</span> 
     </span>
     <span class='ocr_line' id='line_1_9' title="bbox 255 1194 1432 1276; baseline -0.001 -20"><span class='ocrx_word' id='word_1_79' title='bbox 255 1197 325 1256; x_wconf 84' lang='lat' dir='ltr'>libri</span> <span class='ocrx_word' id='word_1_80' title='bbox 353 1199 542 1273; x_wconf 88' lang='lat' dir='ltr'>confirmant,</span> <span class='ocrx_word' id='word_1_81' title='bbox 574 1199 605 1256; x_wconf 94' lang='lat' dir='ltr'>in</span> <span class='ocrx_word' id='word_1_82' title='bbox 634 1198 741 1273; x_wconf 87' lang='lat' dir='ltr'>quibus</span> <span class='ocrx_word' id='word_1_83' title='bbox 766 1198 920 1257; x_wconf 82' lang='lat' dir='ltr'><strong>rarissime</strong></span> <span class='ocrx_word' id='word_1_84' title='bbox 948 1194 1045 1276; x_wconf 78' lang='grc' dir='ltr'><em>μέχρις</em></span> <span class='ocrx_word' id='word_1_85' title='bbox 1072 1202 1132 1276; x_wconf 88' lang='lat' dir='ltr'>est,</span> <span class='ocrx_word' id='word_1_86' title='bbox 1161 1202 1192 1258; x_wconf 85' lang='lat' dir='ltr'>at</span> <span class='ocrx_word' id='word_1_87' title='bbox 1224 1198 1307 1257; x_wconf 89' lang='lat' dir='ltr'>tituli</span> <span class='ocrx_word' id='word_1_88' title='bbox 1334 1197 1432 1256; x_wconf 87' lang='lat' dir='ltr'>Attici</span> 
     </span>
     <span class='ocr_line' id='line_1_10' title="bbox 256 1287 1199 1376; baseline 0.002 -21"><span class='ocrx_word' id='word_1_89' title='bbox 256 1287 307 1375; x_wconf 84' lang='lat' dir='ltr'>(of.</span> <span class='ocrx_word' id='word_1_90' title='bbox 330 1297 483 1356; x_wconf 87' lang='lat' dir='ltr'>Meisterh.</span> <span class='ocrx_word' id='word_1_91' title='bbox 507 1296 527 1369; x_wconf 64' lang='grc' dir='ltr'>ξ</span> <span class='ocrx_word' id='word_1_92' title='bbox 547 1297 599 1372; x_wconf 87' lang='grc'>49,</span> <span class='ocrx_word' id='word_1_93' title='bbox 624 1287 667 1376; x_wconf 86' lang='grc'>3).</span> <span class='ocrx_word' id='word_1_94' title='bbox 1196 1351 1199 1357; x_wconf 94' lang='grc'>.</span> 
     </span>
    </p>

    <p class='ocr_par' dir='ltr' id='par_1_4' title="bbox 252 1388 1433 1766">
     <span class='ocr_line' id='line_1_11' title="bbox 344 1388 1433 1472; baseline -0.001 -19"><span class='ocrx_word' id='word_1_95' title='bbox 344 1395 380 1453; x_wconf 91' lang='lat' dir='ltr'>In</span> <span class='ocrx_word' id='word_1_96' title='bbox 405 1388 501 1472; x_wconf 87' lang='grc' dir='ltr'><em>μόλις,</em></span> <span class='ocrx_word' id='word_1_97' title='bbox 529 1394 607 1470; x_wconf 90' lang='lat' dir='ltr'>quod</span> <span class='ocrx_word' id='word_1_98' title='bbox 635 1397 754 1454; x_wconf 87' lang='lat' dir='ltr'>veteres</span> <span class='ocrx_word' id='word_1_99' title='bbox 783 1394 900 1454; x_wconf 85' lang='lat' dir='ltr'>Atticos</span> <span class='ocrx_word' id='word_1_100' title='bbox 928 1394 1108 1470; x_wconf 87' lang='lat' dir='ltr'>praetulisse</span> <span class='ocrx_word' id='word_1_101' title='bbox 1137 1394 1210 1454; x_wconf 89' lang='lat' dir='ltr'>satis</span> <span class='ocrx_word' id='word_1_102' title='bbox 1238 1397 1353 1452; x_wconf 88' lang='lat' dir='ltr'>certum</span> <span class='ocrx_word' id='word_1_103' title='bbox 1384 1397 1433 1452; x_wconf 85' lang='lat' dir='ltr'>est</span> 
     </span>
     <span class='ocr_line' id='line_1_12' title="bbox 256 1482 1433 1573; baseline -0.002 -21"><span class='ocrx_word' id='word_1_104' title='bbox 256 1484 305 1572; x_wconf 84' lang='lat' dir='ltr'>(of.</span> <span class='ocrx_word' id='word_1_105' title='bbox 330 1492 418 1551; x_wconf 88' lang='lat' dir='ltr'>Dind.</span> <span class='ocrx_word' id='word_1_106' title='bbox 446 1493 503 1552; x_wconf 87' lang='lat' dir='ltr'>lex.</span> <span class='ocrx_word' id='word_1_107' title='bbox 527 1492 669 1566; x_wconf 86' lang='lat' dir='ltr'>Aeschyl.</span> <span class='ocrx_word' id='word_1_108' title='bbox 697 1510 719 1550; x_wconf 88' lang='lat' dir='ltr'>s.</span> <span class='ocrx_word' id='word_1_109' title='bbox 750 1511 777 1552; x_wconf 86' lang='lat' dir='ltr'>v.</span> <span class='ocrx_word' id='word_1_110' title='bbox 803 1482 916 1573; x_wconf 76' lang='grc' dir='ltr'>μόγις),</span> <span class='ocrx_word' id='word_1_111' title='bbox 943 1493 988 1552; x_wconf 92' lang='lat' dir='ltr'>ita</span> <span class='ocrx_word' id='word_1_112' title='bbox 1011 1492 1202 1551; x_wconf 86' lang='lat' dir='ltr'>consentiunt</span> <span class='ocrx_word' id='word_1_113' title='bbox 1225 1491 1279 1549; x_wconf 80' lang='lat' dir='ltr'>Th.</span> <span class='ocrx_word' id='word_1_114' title='bbox 1302 1491 1373 1549; x_wconf 88' lang='lat' dir='ltr'>libri</span> <span class='ocrx_word' id='word_1_115' title='bbox 1396 1495 1433 1550; x_wconf 93' lang='lat' dir='ltr'>ut</span> 
     </span>
     <span class='ocr_line' id='line_1_13' title="bbox 252 1584 1431 1668; baseline -0.001 -20"><span class='ocrx_word' id='word_1_116' title='bbox 252 1591 284 1648; x_wconf 92' lang='lat' dir='ltr'>in</span> <span class='ocrx_word' id='word_1_117' title='bbox 307 1591 429 1648; x_wconf 89' lang='lat' dir='ltr'>dimidia</span> <span class='ocrx_word' id='word_1_118' title='bbox 452 1592 515 1649; x_wconf 87' lang='lat' dir='ltr'>fere</span> <span class='ocrx_word' id='word_1_119' title='bbox 539 1591 673 1648; x_wconf 90' lang='lat' dir='ltr'>locorum</span> <span class='ocrx_word' id='word_1_120' title='bbox 695 1593 784 1664; x_wconf 90' lang='lat' dir='ltr'>parte</span> <span class='ocrx_word' id='word_1_121' title='bbox 807 1584 890 1665; x_wconf 82' lang='grc' dir='ltr'><strong><em>μόλις</em></strong></span> <span class='ocrx_word' id='word_1_122' title='bbox 906 1591 940 1648; x_wconf 91' lang='lat' dir='ltr'>in</span> <span class='ocrx_word' id='word_1_123' title='bbox 958 1589 1095 1649; x_wconf 87' lang='lat' dir='ltr'>omnibus</span> <span class='ocrx_word' id='word_1_124' title='bbox 1115 1589 1207 1664; x_wconf 81' lang='lat' dir='ltr'>codd,</span> <span class='ocrx_word' id='word_1_125' title='bbox 1230 1607 1379 1668; x_wconf 83' lang='lat' dir='ltr'><strong>nusquam</strong></span> <span class='ocrx_word' id='word_1_126' title='bbox 1398 1590 1431 1647; x_wconf 91' lang='lat' dir='ltr'>in</span> 
     </span>
     <span class='ocr_line' id='line_1_14' title="bbox 255 1681 758 1766; baseline 0.002 -21"><span class='ocrx_word' id='word_1_127' title='bbox 255 1689 391 1746; x_wconf 90' lang='lat' dir='ltr'>omnibus</span> <span class='ocrx_word' id='word_1_128' title='bbox 415 1681 501 1766; x_wconf 82' lang='grc' dir='ltr'><strong><em>μόγις</em></strong></span> <span class='ocrx_word' id='word_1_129' title='bbox 524 1706 589 1747; x_wconf 90' lang='lat' dir='ltr'>esse</span> <span class='ocrx_word' id='word_1_130' title='bbox 612 1687 758 1747; x_wconf 85' lang='lat' dir='ltr'>videatur.</span> 
     </span>
    </p>

    <p class='ocr_par' dir='ltr' id='par_1_5' title="bbox 251 1778 1433 2057">
     <span class='ocr_line' id='line_1_15' title="bbox 342 1778 1432 1863; baseline 0.002 -21"><span class='ocrx_word' id='word_1_131' title='bbox 342 1784 428 1855; x_wconf 84' lang='lat' dir='ltr'>Quod</span> <span class='ocrx_word' id='word_1_132' title='bbox 451 1785 581 1844; x_wconf 79' lang='lat' dir='ltr'>Meinelr.</span> <span class='ocrx_word' id='word_1_133' title='bbox 604 1786 644 1844; x_wconf 89' lang='lat' dir='ltr'>ad</span> <span class='ocrx_word' id='word_1_134' title='bbox 667 1784 768 1861; x_wconf 82' lang='lat' dir='ltr'>Steph.</span> <span class='ocrx_word' id='word_1_135' title='bbox 789 1784 858 1860; x_wconf 87' lang='lat' dir='ltr'>Byz.</span> <span class='ocrx_word' id='word_1_136' title='bbox 883 1803 905 1844; x_wconf 89' lang='lat' dir='ltr'>s.</span> <span class='ocrx_word' id='word_1_137' title='bbox 930 1806 955 1844; x_wconf 86' lang='lat' dir='ltr'>v.</span> <span class='ocrx_word' id='word_1_138' title='bbox 976 1778 1155 1863; x_wconf 83' lang='grc' dir='ltr'><em>Ἇρκόνιχσος</em></span> <span class='ocrx_word' id='word_1_139' title='bbox 1178 1786 1266 1844; x_wconf 87' lang='lat' dir='ltr'>docet</span> <span class='ocrx_word' id='word_1_140' title='bbox 1287 1786 1319 1843; x_wconf 91' lang='lat' dir='ltr'>in</span> <span class='ocrx_word' id='word_1_141' title='bbox 1337 1786 1432 1844; x_wconf 91' lang='grc' dir='ltr'><em>Πελο-</em></span> 
     </span>
     <span class='ocr_line' id='line_1_16' title="bbox 251 1876 1431 1960; baseline -0.002 -18"><span class='ocrx_word' id='word_1_142' title='bbox 251 1877 402 1960; x_wconf 88' lang='grc' dir='ltr'><em>πόννησος</em></span> <span class='ocrx_word' id='word_1_143' title='bbox 421 1876 635 1960; x_wconf 79' lang='grc' dir='ltr'><em>Προκόννησος</em></span> <span class='ocrx_word' id='word_1_144' title='bbox 655 1887 686 1942; x_wconf 87' lang='lat' dir='ltr'>et</span> <span class='ocrx_word' id='word_1_145' title='bbox 704 1884 729 1941; x_wconf 87' lang='lat' dir='ltr'>si</span> <span class='ocrx_word' id='word_1_146' title='bbox 748 1901 824 1958; x_wconf 90' lang='lat' dir='ltr'>quae</span> <span class='ocrx_word' id='word_1_147' title='bbox 843 1883 904 1941; x_wconf 87' lang='lat' dir='ltr'>alia</span> <span class='ocrx_word' id='word_1_148' title='bbox 922 1901 989 1942; x_wconf 88' lang='lat' dir='ltr'>cnm</span> <span class='ocrx_word' id='word_1_149' title='bbox 1011 1883 1181 1943; x_wconf 88' lang='lat' dir='ltr'>nominibus</span> <span class='ocrx_word' id='word_1_150' title='bbox 1206 1882 1314 1941; x_wconf 75' lang='lat' dir='ltr'>tertiae</span> <span class='ocrx_word' id='word_1_151' title='bbox 1338 1883 1431 1941; x_wconf 92' lang='lat' dir='ltr'>decli-</span> 
     </span>
     <span class='ocr_line' id='line_1_17' title="bbox 251 1980 1433 2057; baseline -0.002 -17"><span class='ocrx_word' id='word_1_152' title='bbox 251 1981 381 2040; x_wconf 74' lang='lat' dir='ltr'>nationis</span> <span class='ocrx_word' id='word_1_153' title='bbox 410 1981 575 2057; x_wconf 87' lang='lat' dir='ltr'>composita</span> <span class='ocrx_word' id='word_1_154' title='bbox 603 1981 663 2039; x_wconf 88' lang='lat' dir='ltr'>sint</span> <span class='ocrx_word' id='word_1_155' title='bbox 692 1980 802 2056; x_wconf 82' lang='lat' dir='ltr'>duplex</span> <span class='ocrx_word' id='word_1_156' title='bbox 829 2003 847 2038; x_wconf 94' lang='grc' dir='ltr'><em>ν</em></span> <span class='ocrx_word' id='word_1_157' title='bbox 875 2000 953 2056; x_wconf 88' lang='lat' dir='ltr'>esse,</span> <span class='ocrx_word' id='word_1_158' title='bbox 985 1982 1123 2057; x_wconf 81' lang='lat' dir='ltr'>simplex,</span> <span class='ocrx_word' id='word_1_159' title='bbox 1156 1982 1182 2039; x_wconf 92' lang='lat' dir='ltr'>si</span> <span class='ocrx_word' id='word_1_160' title='bbox 1215 2000 1282 2040; x_wconf 90' lang='lat' dir='ltr'>cum</span> <span class='ocrx_word' id='word_1_161' title='bbox 1311 1980 1433 2038; x_wconf 89' lang='lat' dir='ltr'>nomine</span> 
     </span>
    </p>
   </div>
   <div class='ocr_carea' id='block_1_3' title="bbox 127 2070 1432 2269">
    <p class='ocr_par' dir='ltr' id='par_1_6' title="bbox 127 2070 1432 2269">
     <span class='ocr_line' id='line_1_18' title="bbox 127 2070 1432 2157; baseline -0.002 -20"><span class='ocrx_word' id='word_1_162' title='bbox 127 2079 130 2085; x_wconf 75' lang='grc'><strong>’</strong></span> <span class='ocrx_word' id='word_1_163' title='bbox 253 2079 398 2137; x_wconf 88' lang='lat' dir='ltr'>secundae</span> <span class='ocrx_word' id='word_1_164' title='bbox 427 2078 647 2152; x_wconf 81' lang='lat' dir='ltr'>declinationis,</span> <span class='ocrx_word' id='word_1_165' title='bbox 675 2078 706 2136; x_wconf 95' lang='lat' dir='ltr'>id</span> <span class='ocrx_word' id='word_1_166' title='bbox 733 2079 822 2154; x_wconf 88' lang='lat' dir='ltr'>plane</span> <span class='ocrx_word' id='word_1_167' title='bbox 850 2078 1027 2137; x_wconf 88' lang='lat' dir='ltr'>confirmant</span> <span class='ocrx_word' id='word_1_168' title='bbox 1053 2077 1261 2154; x_wconf 88' lang='lat' dir='ltr'>inscriptiones</span> <span class='ocrx_word' id='word_1_169' title='bbox 1290 2070 1341 2157; x_wconf 86' lang='lat' dir='ltr'>(of.</span> <span class='ocrx_word' id='word_1_170' title='bbox 1370 2078 1432 2135; x_wconf 90' lang='lat' dir='ltr'>ind.</span> 
     </span>
     <span class='ocr_line' id='line_1_19' title="bbox 140 2169 1432 2269; baseline 0.002 -35"><span class='ocrx_word' id='word_1_171' title='bbox 140 2255 148 2269; x_wconf 87' lang='lat'>.</span> <span class='ocrx_word' id='word_1_172' title='bbox 253 2175 320 2235; x_wconf 80' lang='lat' dir='ltr'>CIA</span> <span class='ocrx_word' id='word_1_173' title='bbox 339 2176 354 2234; x_wconf 93' lang='grc' dir='ltr'>Ι</span> <span class='ocrx_word' id='word_1_174' title='bbox 373 2197 396 2236; x_wconf 87' lang='lat' dir='ltr'>s.</span> <span class='ocrx_word' id='word_1_175' title='bbox 415 2197 442 2236; x_wconf 83' lang='lat' dir='ltr'>v.</span> <span class='ocrx_word' id='word_1_176' title='bbox 465 2170 703 2254; x_wconf 75' lang='grc' dir='ltr'><em>Πελοποννήσιοι</em></span> <span class='ocrx_word' id='word_1_177' title='bbox 727 2170 948 2254; x_wconf 78' lang='grc' dir='ltr'>Προκοννήσιοι</span> <span class='ocrx_word' id='word_1_178' title='bbox 972 2170 1168 2255; x_wconf 77' lang='grc' dir='ltr'><em>Χερρονήσιοι</em></span> <span class='ocrx_word' id='word_1_179' title='bbox 1192 2169 1432 2256; x_wconf 80' lang='grc' dir='ltr'><em>Χερρονησῖτοιι).</em></span> 
     </span>
    </p>
   </div>
   <div class='ocr_carea' id='block_1_4' title="bbox 252 2266 1433 2351">
    <p class='ocr_par' dir='ltr' id='par_1_7' title="bbox 252 2266 1433 2351">
     <span class='ocr_line' id='line_1_20' title="bbox 252 2266 1433 2351; baseline 0.001 -19"><span class='ocrx_word' id='word_1_180' title='bbox 252 2274 340 2349; x_wconf 90' lang='lat' dir='ltr'>Apud</span> <span class='ocrx_word' id='word_1_181' title='bbox 375 2275 428 2333; x_wconf 90' lang='lat' dir='ltr'>Th.</span> <span class='ocrx_word' id='word_1_182' title='bbox 461 2275 493 2331; x_wconf 86' lang='lat' dir='ltr'>in&#39;</span> <span class='ocrx_word' id='word_1_183' title='bbox 526 2272 608 2333; x_wconf 79' lang='lat' dir='ltr'>Cass.</span> <span class='ocrx_word' id='word_1_184' title='bbox 642 2278 673 2333; x_wconf 87' lang='lat' dir='ltr'>ct</span> <span class='ocrx_word' id='word_1_185' title='bbox 705 2273 904 2333; x_wconf 86' lang='lat' dir='ltr'>deterioribus</span> <span class='ocrx_word' id='word_1_186' title='bbox 937 2273 1023 2332; x_wconf 89' lang='lat' dir='ltr'>libris</span> <span class='ocrx_word' id='word_1_187' title='bbox 1056 2275 1175 2349; x_wconf 82' lang='lat' dir='ltr'>saepius</span> <span class='ocrx_word' id='word_1_188' title='bbox 1209 2266 1433 2351; x_wconf 81' lang='grc' dir='ltr'><em>Πελοπονήσιοι</em></span> 
     </span>
    </p>
   </div>
   <div class='ocr_carea' id='block_1_5' title="bbox 145 2365 1127 2455">
    <p class='ocr_par' dir='ltr' id='par_1_8' title="bbox 145 2365 1127 2455">
     <span class='ocr_line' id='line_1_21' title="bbox 145 2365 1127 2455; baseline 0.004 -28"><span class='ocrx_word' id='word_1_189' title='bbox 145 2414 165 2427; x_wconf 76' lang='grc'><strong>.</strong></span> <span class='ocrx_word' id='word_1_190' title='bbox 253 2365 464 2448; x_wconf 82' lang='grc' dir='ltr'><em>Πελοπόνιχσος</em></span> <span class='ocrx_word' id='word_1_191' title='bbox 488 2374 519 2429; x_wconf 89' lang='lat' dir='ltr'>et</span> <span class='ocrx_word' id='word_1_192' title='bbox 541 2372 587 2430; x_wconf 86' lang='lat' dir='ltr'>III</span> <span class='ocrx_word' id='word_1_193' title='bbox 612 2374 663 2448; x_wconf 86' lang='lat'>32,</span> <span class='ocrx_word' id='word_1_194' title='bbox 688 2376 703 2430; x_wconf 91' lang='lat'>1</span> <span class='ocrx_word' id='word_1_195' title='bbox 730 2372 761 2430; x_wconf 92' lang='lat' dir='ltr'>in</span> <span class='ocrx_word' id='word_1_196' title='bbox 785 2372 937 2447; x_wconf 89' lang='lat' dir='ltr'>plerisque</span> <span class='ocrx_word' id='word_1_197' title='bbox 961 2365 1127 2455; x_wconf 76' lang='grc' dir='ltr'><em>Μνονήσιμ.</em></span> 
     </span>
    </p>
   </div>
   <div class='ocr_carea' id='block_1_6' title="bbox 247 2467 1438 4503">
    <p class='ocr_par' dir='ltr' id='par_1_9' title="bbox 247 2467 1438 4503">
     <span class='ocr_line' id='line_1_22' title="bbox 341 2467 1434 2545; baseline 0.002 -19"><span class='ocrx_word' id='word_1_198' title='bbox 341 2468 494 2526; x_wconf 91' lang='lat' dir='ltr'>Nonnulla</span> <span class='ocrx_word' id='word_1_199' title='bbox 517 2469 593 2528; x_wconf 89' lang='lat' dir='ltr'>vitia</span> <span class='ocrx_word' id='word_1_200' title='bbox 616 2474 683 2527; x_wconf 92' lang='lat' dir='ltr'>orta</span> <span class='ocrx_word' id='word_1_201' title='bbox 705 2472 775 2526; x_wconf 87' lang='lat' dir='ltr'>sunt</span> <span class='ocrx_word' id='word_1_202' title='bbox 798 2488 834 2527; x_wconf 82' lang='lat' dir='ltr'>ex</span> <span class='ocrx_word' id='word_1_203' title='bbox 856 2470 1027 2528; x_wconf 86' lang='lat' dir='ltr'>litterarum</span> <span class='ocrx_word' id='word_1_204' title='bbox 1051 2469 1252 2545; x_wconf 84' lang='lat' dir='ltr'>geminatione</span> <span class='ocrx_word' id='word_1_205' title='bbox 1274 2467 1353 2527; x_wconf 87' lang='lat' dir='ltr'>falso</span> <span class='ocrx_word' id='word_1_206' title='bbox 1377 2472 1434 2528; x_wconf 89' lang='lat' dir='ltr'>aut</span> 
     </span>
     <span class='ocr_line' id='line_1_23' title="bbox 251 2560 1432 2646; baseline 0 -22"><span class='ocrx_word' id='word_1_207' title='bbox 251 2566 339 2624; x_wconf 92' lang='lat' dir='ltr'>illata</span> <span class='ocrx_word' id='word_1_208' title='bbox 361 2568 415 2624; x_wconf 87' lang='lat' dir='ltr'>aut</span> <span class='ocrx_word' id='word_1_209' title='bbox 438 2566 557 2625; x_wconf 89' lang='lat' dir='ltr'>omissa.</span> <span class='ocrx_word' id='word_1_210' title='bbox 595 2564 643 2624; x_wconf 81' lang='lat' dir='ltr'>Sic</span> <span class='ocrx_word' id='word_1_211' title='bbox 665 2567 680 2624; x_wconf 95' lang='grc' dir='ltr'>Ι</span> <span class='ocrx_word' id='word_1_212' title='bbox 706 2568 792 2639; x_wconf 86' lang='lat'>15,1</span> <span class='ocrx_word' id='word_1_213' title='bbox 818 2561 995 2646; x_wconf 80' lang='grc' dir='ltr'><em>προσχόντες</em></span> <span class='ocrx_word' id='word_1_214' title='bbox 1017 2585 1072 2642; x_wconf 91' lang='lat' dir='ltr'>pro</span> <span class='ocrx_word' id='word_1_215' title='bbox 1095 2560 1290 2646; x_wconf 79' lang='grc' dir='ltr'><em>προσσχόντες</em></span> <span class='ocrx_word' id='word_1_216' title='bbox 1312 2566 1344 2623; x_wconf 90' lang='lat' dir='ltr'>in</span> <span class='ocrx_word' id='word_1_217' title='bbox 1368 2585 1432 2624; x_wconf 90' lang='lat' dir='ltr'>om-</span> 
     </span>
     <span class='ocr_line' id='line_1_24' title="bbox 253 2662 1433 2744; baseline 0.001 -23"><span class='ocrx_word' id='word_1_218' title='bbox 253 2663 341 2722; x_wconf 90' lang='lat' dir='ltr'>nibus</span> <span class='ocrx_word' id='word_1_219' title='bbox 371 2663 455 2723; x_wconf 88' lang='lat' dir='ltr'>codd.</span> <span class='ocrx_word' id='word_1_220' title='bbox 483 2668 603 2740; x_wconf 88' lang='lat' dir='ltr'>praeter</span> <span class='ocrx_word' id='word_1_221' title='bbox 626 2665 663 2725; x_wconf 90' lang='lat' dir='ltr'>It.</span> <span class='ocrx_word' id='word_1_222' title='bbox 693 2668 723 2724; x_wconf 90' lang='lat' dir='ltr'>et</span> <span class='ocrx_word' id='word_1_223' title='bbox 746 2665 824 2742; x_wconf 88' lang='lat' dir='ltr'>Pal,</span> <span class='ocrx_word' id='word_1_224' title='bbox 852 2667 903 2741; x_wconf 90' lang='lat' dir='ltr'>qui</span> <span class='ocrx_word' id='word_1_225' title='bbox 930 2662 1118 2744; x_wconf 81' lang='grc' dir='ltr'><em>προσέχοντες</em></span> <span class='ocrx_word' id='word_1_226' title='bbox 1141 2667 1265 2740; x_wconf 86' lang='lat' dir='ltr'>habent,</span> <span class='ocrx_word' id='word_1_227' title='bbox 1296 2664 1433 2738; x_wconf 85' lang='lat' dir='ltr'>itemque</span> 
     </span>
     <span class='ocr_line' id='line_1_25' title="bbox 251 2757 1433 2841; baseline 0.001 -22"><span class='ocrx_word' id='word_1_228' title='bbox 251 2761 299 2819; x_wconf 91' lang='lat' dir='ltr'>III</span> <span class='ocrx_word' id='word_1_229' title='bbox 324 2764 375 2835; x_wconf 86' lang='lat'>32,</span> <span class='ocrx_word' id='word_1_230' title='bbox 401 2766 417 2820; x_wconf 92' lang='lat'>1</span> <span class='ocrx_word' id='word_1_231' title='bbox 448 2763 480 2820; x_wconf 89' lang='lat' dir='ltr'>in</span> <span class='ocrx_word' id='word_1_232' title='bbox 507 2762 609 2838; x_wconf 82' lang='lat' dir='ltr'>paucis</span> <span class='ocrx_word' id='word_1_233' title='bbox 632 2757 769 2840; x_wconf 80' lang='grc' dir='ltr'><em>προσχόν</em></span> <span class='ocrx_word' id='word_1_234' title='bbox 792 2781 846 2838; x_wconf 87' lang='lat' dir='ltr'>pro</span> <span class='ocrx_word' id='word_1_235' title='bbox 870 2757 1040 2841; x_wconf 85' lang='grc' dir='ltr'><em>προσσχιόν;</em></span> <span class='ocrx_word' id='word_1_236' title='bbox 1068 2764 1096 2820; x_wconf 89' lang='lat' dir='ltr'><strong>V</strong></span> <span class='ocrx_word' id='word_1_237' title='bbox 1122 2766 1171 2839; x_wconf 85' lang='lat'>71,</span> <span class='ocrx_word' id='word_1_238' title='bbox 1196 2767 1212 2822; x_wconf 96' lang='lat'>1</span> <span class='ocrx_word' id='word_1_239' title='bbox 1238 2762 1269 2821; x_wconf 91' lang='lat' dir='ltr'>in</span> <span class='ocrx_word' id='word_1_240' title='bbox 1292 2760 1433 2820; x_wconf 88' lang='lat' dir='ltr'>omnibus</span> 
     </span>
     <span class='ocr_line' id='line_1_26' title="bbox 252 2851 1434 2938; baseline 0 -22"><span class='ocrx_word' id='word_1_241' title='bbox 252 2858 315 2916; x_wconf 89' lang='lat' dir='ltr'>fere</span> <span class='ocrx_word' id='word_1_242' title='bbox 335 2851 428 2936; x_wconf 81' lang='lat' dir='ltr'>(Olar.</span> <span class='ocrx_word' id='word_1_243' title='bbox 447 2858 522 2918; x_wconf 88' lang='lat' dir='ltr'>Ven.</span> <span class='ocrx_word' id='word_1_244' title='bbox 541 2855 744 2938; x_wconf 75' lang='grc' dir='ltr'><em>περιστέλλειν,</em></span> <span class='ocrx_word' id='word_1_245' title='bbox 768 2859 830 2918; x_wconf 87' lang='lat' dir='ltr'>Pal.</span> <span class='ocrx_word' id='word_1_246' title='bbox 849 2853 928 2937; x_wconf 87' lang='grc' dir='ltr'><em>πρόσ</em></span> <span class='ocrx_word' id='word_1_247' title='bbox 945 2857 1060 2919; x_wconf 77' lang='grc' dir='ltr'><em>πέλλειν</em></span> <span class='ocrx_word' id='word_1_248' title='bbox 1080 2861 1193 2919; x_wconf 86' lang='lat' dir='ltr'>factum</span> <span class='ocrx_word' id='word_1_249' title='bbox 1218 2879 1254 2918; x_wconf 81' lang='lat' dir='ltr'>ex</span> <span class='ocrx_word' id='word_1_250' title='bbox 1276 2853 1434 2936; x_wconf 82' lang='grc' dir='ltr'><em>προσστέλ-</em></span> 
     </span>
     <span class='ocr_line' id='line_1_27' title="bbox 252 2947 1433 3036; baseline 0.003 -23"><span class='ocrx_word' id='word_1_251' title='bbox 252 2947 327 3036; x_wconf 90' lang='grc' dir='ltr'><em>λειν)</em></span> <span class='ocrx_word' id='word_1_252' title='bbox 351 2951 536 3033; x_wconf 80' lang='grc' dir='ltr'><em>προστέλλειν</em></span> <span class='ocrx_word' id='word_1_253' title='bbox 558 2977 612 3032; x_wconf 90' lang='lat' dir='ltr'>pro</span> <span class='ocrx_word' id='word_1_254' title='bbox 636 2952 847 3035; x_wconf 77' lang='grc' dir='ltr'><em>προσστέλλειν,</em></span> <span class='ocrx_word' id='word_1_255' title='bbox 871 2957 950 3033; x_wconf 87' lang='lat' dir='ltr'>quod</span> <span class='ocrx_word' id='word_1_256' title='bbox 968 2958 1047 3016; x_wconf 92' lang='lat' dir='ltr'>idem</span> <span class='ocrx_word' id='word_1_257' title='bbox 1066 2959 1228 3034; x_wconf 83' lang='lat' dir='ltr'>legendum</span> <span class='ocrx_word' id='word_1_258' title='bbox 1247 2956 1326 3032; x_wconf 92' lang='lat' dir='ltr'>apud</span> <span class='ocrx_word' id='word_1_259' title='bbox 1347 2954 1433 3016; x_wconf 87' lang='lat' dir='ltr'>Cass.</span> 
     </span>
     <span class='ocr_line' id='line_1_28' title="bbox 253 3053 1433 3133; baseline 0.001 -23"><span class='ocrx_word' id='word_1_260' title='bbox 253 3053 339 3112; x_wconf 83' lang='lat' dir='ltr'>Dion.</span> <span class='ocrx_word' id='word_1_261' title='bbox 363 3054 415 3111; x_wconf 88' lang='lat' dir='ltr'>XL</span> <span class='ocrx_word' id='word_1_262' title='bbox 436 3056 487 3130; x_wconf 86' lang='lat'>23,</span> <span class='ocrx_word' id='word_1_263' title='bbox 507 3057 537 3128; x_wconf 88' lang='grc'>3,</span> <span class='ocrx_word' id='word_1_264' title='bbox 561 3055 611 3130; x_wconf 83' lang='lat' dir='ltr'>qui</span> <span class='ocrx_word' id='word_1_265' title='bbox 634 3055 713 3112; x_wconf 91' lang='lat' dir='ltr'>hunc</span> <span class='ocrx_word' id='word_1_266' title='bbox 736 3055 834 3113; x_wconf 89' lang='lat' dir='ltr'>locum</span> <span class='ocrx_word' id='word_1_267' title='bbox 857 3056 993 3116; x_wconf 86' lang='lat' dir='ltr'>imitatus</span> <span class='ocrx_word' id='word_1_268' title='bbox 1018 3059 1076 3133; x_wconf 71' lang='grc' dir='ltr'><em>θεός</em></span> <span class='ocrx_word' id='word_1_269' title='bbox 1099 3055 1218 3126; x_wconf 85' lang='grc' dir='ltr'>ΙΠ57,</span> <span class='ocrx_word' id='word_1_270' title='bbox 1240 3060 1256 3112; x_wconf 96' lang='lat'>1</span> <span class='ocrx_word' id='word_1_271' title='bbox 1281 3055 1313 3111; x_wconf 88' lang='lat' dir='ltr'>in</span> <span class='ocrx_word' id='word_1_272' title='bbox 1337 3053 1433 3112; x_wconf 90' lang='lat' dir='ltr'>omni·</span> 
     </span>
     <span class='ocr_line' id='line_1_29' title="bbox 252 3147 1432 3230; baseline -0.001 -20"><span class='ocrx_word' id='word_1_273' title='bbox 252 3152 307 3210; x_wconf 91' lang='lat' dir='ltr'>bus</span> <span class='ocrx_word' id='word_1_274' title='bbox 331 3147 543 3230; x_wconf 81' lang='grc' dir='ltr'><em>προσιιέψοισθε</em></span> <span class='ocrx_word' id='word_1_275' title='bbox 565 3171 620 3227; x_wconf 92' lang='lat' dir='ltr'>pro</span> <span class='ocrx_word' id='word_1_276' title='bbox 643 3149 887 3230; x_wconf 84' lang='grc' dir='ltr'><em>προσσιιὲψοισθε,</em></span> <span class='ocrx_word' id='word_1_277' title='bbox 915 3171 982 3212; x_wconf 90' lang='lat' dir='ltr'>oum</span> <span class='ocrx_word' id='word_1_278' title='bbox 1005 3158 1212 3229; x_wconf 87' lang='lat' dir='ltr'>praeterea,</span> <span class='ocrx_word' id='word_1_279' title='bbox 1238 3171 1298 3210; x_wconf 92' lang='lat' dir='ltr'>non</span> <span class='ocrx_word' id='word_1_280' title='bbox 1319 3154 1432 3210; x_wconf 88' lang='lat' dir='ltr'>antea</span> 
     </span>
     <span class='ocr_line' id='line_1_30' title="bbox 252 3241 1433 3327; baseline -0.002 -19"><span class='ocrx_word' id='word_1_281' title='bbox 252 3250 439 3308; x_wconf 89' lang='lat' dir='ltr'>considerare</span> <span class='ocrx_word' id='word_1_282' title='bbox 467 3250 637 3311; x_wconf 84' lang='lat' dir='ltr'>iubeantur.</span> <span class='ocrx_word' id='word_1_283' title='bbox 683 3250 801 3310; x_wconf 88' lang='lat' dir='ltr'>Pariter</span> <span class='ocrx_word' id='word_1_284' title='bbox 824 3252 940 3326; x_wconf 89' lang='lat' dir='ltr'>Mosqu.</span> <span class='ocrx_word' id='word_1_285' title='bbox 963 3251 1010 3309; x_wconf 92' lang='lat' dir='ltr'>III</span> <span class='ocrx_word' id='word_1_286' title='bbox 1034 3254 1085 3327; x_wconf 88' lang='grc'>95,</span> <span class='ocrx_word' id='word_1_287' title='bbox 1114 3255 1129 3309; x_wconf 92' lang='grc'>1</span> <span class='ocrx_word' id='word_1_288' title='bbox 1161 3251 1239 3309; x_wconf 84' lang='lat' dir='ltr'>falso</span> <span class='ocrx_word' id='word_1_289' title='bbox 1266 3241 1433 3326; x_wconf 84' lang='grc' dir='ltr'><em>Παρνασόν</em></span> 
     </span>
     <span class='ocr_line' id='line_1_31' title="bbox 253 3340 1433 3425; baseline -0.001 -20"><span class='ocrx_word' id='word_1_290' title='bbox 253 3341 304 3422; x_wconf 86' lang='lat' dir='ltr'>(cf.</span> <span class='ocrx_word' id='word_1_291' title='bbox 334 3346 444 3405; x_wconf 87' lang='lat' dir='ltr'>Herod.</span> <span class='ocrx_word' id='word_1_292' title='bbox 473 3347 488 3404; x_wconf 92' lang='lat' dir='ltr'><strong>I</strong></span> <span class='ocrx_word' id='word_1_293' title='bbox 518 3350 591 3424; x_wconf 82' lang='lat'>209,</span> <span class='ocrx_word' id='word_1_294' title='bbox 620 3340 676 3421; x_wconf 94' lang='grc'>20)</span> <span class='ocrx_word' id='word_1_295' title='bbox 706 3351 736 3406; x_wconf 87' lang='lat' dir='ltr'>et</span> <span class='ocrx_word' id='word_1_296' title='bbox 759 3348 834 3407; x_wconf 90' lang='lat' dir='ltr'><strong>VIII</strong></span> <span class='ocrx_word' id='word_1_297' title='bbox 857 3351 909 3425; x_wconf 88' lang='grc'>42,</span> <span class='ocrx_word' id='word_1_298' title='bbox 937 3352 966 3407; x_wconf 88' lang='grc'>4.</span> <span class='ocrx_word' id='word_1_299' title='bbox 999 3352 1069 3423; x_wconf 91' lang='grc'>108,</span> <span class='ocrx_word' id='word_1_300' title='bbox 1094 3352 1112 3407; x_wconf 96' lang='grc'>2</span> <span class='ocrx_word' id='word_1_301' title='bbox 1141 3349 1172 3407; x_wconf 91' lang='lat' dir='ltr'>in</span> <span class='ocrx_word' id='word_1_302' title='bbox 1201 3347 1317 3425; x_wconf 89' lang='lat' dir='ltr'>aliquot</span> <span class='ocrx_word' id='word_1_303' title='bbox 1345 3345 1433 3405; x_wconf 88' lang='lat' dir='ltr'>codd.</span> 
     </span>
     <span class='ocr_line' id='line_1_32' title="bbox 247 3437 1433 3526; baseline 0 -23"><span class='ocrx_word' id='word_1_304' title='bbox 247 3437 461 3523; x_wconf 74' lang='grc' dir='ltr'><em>Ἆλινοιρνοισόν</em></span> <span class='ocrx_word' id='word_1_305' title='bbox 485 3439 709 3525; x_wconf 80' lang='grc' dir='ltr'><em>Ἁλικαρνασὲας</em></span> <span class='ocrx_word' id='word_1_306' title='bbox 738 3438 789 3526; x_wconf 83' lang='lat' dir='ltr'>(cf.</span> <span class='ocrx_word' id='word_1_307' title='bbox 817 3446 877 3504; x_wconf 89' lang='lat' dir='ltr'>ind.</span> <span class='ocrx_word' id='word_1_308' title='bbox 902 3445 968 3503; x_wconf 79' lang='lat' dir='ltr'>OIA</span> <span class='ocrx_word' id='word_1_309' title='bbox 992 3447 1006 3503; x_wconf 96' lang='lat' dir='ltr'><strong>I</strong></span> <span class='ocrx_word' id='word_1_310' title='bbox 1035 3449 1074 3504; x_wconf 83' lang='lat' dir='ltr'>et</span> <span class='ocrx_word' id='word_1_311' title='bbox 1088 3445 1198 3505; x_wconf 87' lang='lat' dir='ltr'>Herod.</span> <span class='ocrx_word' id='word_1_312' title='bbox 1221 3445 1237 3502; x_wconf 96' lang='lat' dir='ltr'><strong>I</strong></span> <span class='ocrx_word' id='word_1_313' title='bbox 1265 3447 1339 3519; x_wconf 88' lang='grc'>209,</span> <span class='ocrx_word' id='word_1_314' title='bbox 1364 3439 1433 3522; x_wconf 89' lang='grc'>30).</span> 
     </span>
     <span class='ocr_line' id='line_1_33' title="bbox 253 3541 1435 3619; baseline 0.001 -20"><span class='ocrx_word' id='word_1_315' title='bbox 253 3541 397 3600; x_wconf 82' lang='lat' dir='ltr'>Eiusdem</span> <span class='ocrx_word' id='word_1_316' title='bbox 420 3543 530 3602; x_wconf 89' lang='lat' dir='ltr'>erroris</span> <span class='ocrx_word' id='word_1_317' title='bbox 554 3546 626 3602; x_wconf 90' lang='lat' dir='ltr'>sunt</span> <span class='ocrx_word' id='word_1_318' title='bbox 648 3561 725 3619; x_wconf 84' lang='lat' dir='ltr'>quae</span> <span class='ocrx_word' id='word_1_319' title='bbox 748 3543 779 3600; x_wconf 92' lang='lat' dir='ltr'>in</span> <span class='ocrx_word' id='word_1_320' title='bbox 803 3543 926 3616; x_wconf 62' lang='lat' dir='ltr'>aliquot,</span> <span class='ocrx_word' id='word_1_321' title='bbox 942 3542 1025 3602; x_wconf 89' lang='lat' dir='ltr'>codd.</span> <span class='ocrx_word' id='word_1_322' title='bbox 1048 3543 1192 3618; x_wconf 86' lang='lat' dir='ltr'>leguntur</span> <span class='ocrx_word' id='word_1_323' title='bbox 1218 3541 1376 3601; x_wconf 82' lang='grc' dir='ltr'><em>Οἰνονσῶν</em></span> <span class='ocrx_word' id='word_1_324' title='bbox 1402 3543 1435 3600; x_wconf 83' lang='lat' dir='ltr'>et</span> 
     </span>
     <span class='ocr_line' id='line_1_34' title="bbox 252 3632 1435 3718; baseline -0.001 -19"><span class='ocrx_word' id='word_1_325' title='bbox 252 3635 404 3718; x_wconf 82' lang='grc' dir='ltr'><em>Σιδοόσης</em></span> <span class='ocrx_word' id='word_1_326' title='bbox 422 3641 499 3699; x_wconf 91' lang='lat' dir='ltr'><strong>VIII</strong></span> <span class='ocrx_word' id='word_1_327' title='bbox 519 3643 569 3716; x_wconf 87' lang='grc'>24,</span> <span class='ocrx_word' id='word_1_328' title='bbox 591 3643 619 3717; x_wconf 94' lang='grc'>2,</span> <span class='ocrx_word' id='word_1_329' title='bbox 642 3633 857 3717; x_wconf 82' lang='grc' dir='ltr'><em>Μοιρόθονσοιν</em></span> <span class='ocrx_word' id='word_1_330' title='bbox 881 3638 955 3698; x_wconf 89' lang='lat' dir='ltr'><strong>VIII</strong></span> <span class='ocrx_word' id='word_1_331' title='bbox 975 3642 1026 3717; x_wconf 88' lang='grc'>31,</span> <span class='ocrx_word' id='word_1_332' title='bbox 1046 3642 1075 3715; x_wconf 90' lang='grc'>3,</span> <span class='ocrx_word' id='word_1_333' title='bbox 1101 3642 1272 3718; x_wconf 83' lang='grc' dir='ltr'><em>Τειχιοῦσοιν</em></span> <span class='ocrx_word' id='word_1_334' title='bbox 1298 3632 1435 3716; x_wconf 84' lang='grc' dir='ltr'><em>Τειχιοό-</em></span> 
     </span>
     <span class='ocr_line' id='line_1_35' title="bbox 253 3731 1434 3817; baseline -0.003 -19"><span class='ocrx_word' id='word_1_335' title='bbox 253 3756 306 3817; x_wconf 85' lang='grc' dir='ltr'>σης</span> <span class='ocrx_word' id='word_1_336' title='bbox 330 3737 404 3796; x_wconf 89' lang='lat' dir='ltr'><strong>VIII</strong></span> <span class='ocrx_word' id='word_1_337' title='bbox 429 3740 480 3814; x_wconf 89' lang='lat'>26,</span> <span class='ocrx_word' id='word_1_338' title='bbox 505 3740 533 3797; x_wconf 85' lang='lat'>3.</span> <span class='ocrx_word' id='word_1_339' title='bbox 569 3741 620 3813; x_wconf 88' lang='grc'>28,</span> <span class='ocrx_word' id='word_1_340' title='bbox 645 3742 674 3811; x_wconf 94' lang='grc'>1,</span> <span class='ocrx_word' id='word_1_341' title='bbox 700 3731 882 3815; x_wconf 88' lang='grc' dir='ltr'><em>Δρόμονσοιν</em></span> <span class='ocrx_word' id='word_1_342' title='bbox 905 3736 981 3795; x_wconf 91' lang='lat' dir='ltr'><strong>VIII</strong></span> <span class='ocrx_word' id='word_1_343' title='bbox 1005 3740 1057 3812; x_wconf 82' lang='lat'>31,</span> <span class='ocrx_word' id='word_1_344' title='bbox 1085 3740 1104 3796; x_wconf 90' lang='grc'>3</span> <span class='ocrx_word' id='word_1_345' title='bbox 1133 3741 1165 3797; x_wconf 87' lang='lat' dir='ltr'>et</span> <span class='ocrx_word' id='word_1_346' title='bbox 1191 3758 1206 3795; x_wconf 85' lang='grc' dir='ltr'><em>τ</em></span> <span class='ocrx_word' id='word_1_347' title='bbox 1234 3736 1325 3794; x_wconf 89' lang='lat' dir='ltr'>simul</span> <span class='ocrx_word' id='word_1_348' title='bbox 1353 3735 1387 3794; x_wconf 90' lang='lat' dir='ltr'>in</span> <span class='ocrx_word' id='word_1_349' title='bbox 1415 3759 1434 3816; x_wconf 80' lang='grc' dir='ltr'><em>χ</em></span> 
     </span>
     <span class='ocr_line' id='line_1_36' title="bbox 253 3827 1436 3916; baseline 0.001 -21"><span class='ocrx_word' id='word_1_350' title='bbox 253 3840 369 3896; x_wconf 89' lang='lat' dir='ltr'>mutato</span> <span class='ocrx_word' id='word_1_351' title='bbox 395 3829 584 3915; x_wconf 83' lang='grc' dir='ltr'><em>Τεόχλουσοιν</em></span> <span class='ocrx_word' id='word_1_352' title='bbox 607 3836 654 3894; x_wconf 90' lang='lat' dir='ltr'>vel</span> <span class='ocrx_word' id='word_1_353' title='bbox 680 3831 847 3914; x_wconf 78' lang='grc' dir='ltr'><em>Τὲχλοοσοιν</em></span> <span class='ocrx_word' id='word_1_354' title='bbox 871 3828 994 3913; x_wconf 81' lang='lat' dir='ltr'>(reliqui</span> <span class='ocrx_word' id='word_1_355' title='bbox 1019 3827 1238 3916; x_wconf 85' lang='grc' dir='ltr'><em>Τενχλοόσσοιν)</em></span> <span class='ocrx_word' id='word_1_356' title='bbox 1262 3854 1317 3911; x_wconf 89' lang='lat' dir='ltr'>pro</span> <span class='ocrx_word' id='word_1_357' title='bbox 1345 3837 1436 3896; x_wconf 83' lang='grc' dir='ltr'><em>Τεντ-</em></span> 
     </span>
     <span class='ocr_line' id='line_1_37' title="bbox 252 3926 1435 4009; baseline 0 -15"><span class='ocrx_word' id='word_1_358' title='bbox 252 3936 389 3995; x_wconf 84' lang='grc' dir='ltr'><em>λοῦσσοιν.</em></span> <span class='ocrx_word' id='word_1_359' title='bbox 436 3932 516 3991; x_wconf 89' lang='lat' dir='ltr'>Nam</span> <span class='ocrx_word' id='word_1_360' title='bbox 543 3933 618 3991; x_wconf 86' lang='lat' dir='ltr'>haec</span> <span class='ocrx_word' id='word_1_361' title='bbox 645 3933 766 4009; x_wconf 89' lang='lat' dir='ltr'>proprie</span> <span class='ocrx_word' id='word_1_362' title='bbox 796 3932 939 3991; x_wconf 86' lang='lat' dir='ltr'>feminina</span> <span class='ocrx_word' id='word_1_363' title='bbox 968 3937 1039 3992; x_wconf 91' lang='lat' dir='ltr'>sunt</span> <span class='ocrx_word' id='word_1_364' title='bbox 1066 3932 1283 3993; x_wconf 86' lang='lat' dir='ltr'>adiectivorum</span> <span class='ocrx_word' id='word_1_365' title='bbox 1310 3931 1343 3990; x_wconf 91' lang='lat' dir='ltr'>in</span> <span class='ocrx_word' id='word_1_366' title='bbox 1372 3926 1435 4006; x_wconf 88' lang='grc' dir='ltr'><em>όεις</em></span> 
     </span>
     <span class='ocr_line' id='line_1_38' title="bbox 252 4021 1435 4109; baseline 0 -18"><span class='ocrx_word' id='word_1_367' title='bbox 252 4033 391 4093; x_wconf 88' lang='lat' dir='ltr'>derivata</span> <span class='ocrx_word' id='word_1_368' title='bbox 413 4031 451 4090; x_wconf 89' lang='lat' dir='ltr'>ab</span> <span class='ocrx_word' id='word_1_369' title='bbox 475 4021 570 4105; x_wconf 77' lang='grc' dir='ltr'><em>οἶνος,</em></span> <span class='ocrx_word' id='word_1_370' title='bbox 599 4029 682 4107; x_wconf 82' lang='grc' dir='ltr'><em>σίδη,</em></span> <span class='ocrx_word' id='word_1_371' title='bbox 710 4024 864 4109; x_wconf 74' lang='grc' dir='ltr'>μάραθον,</span> <span class='ocrx_word' id='word_1_372' title='bbox 888 4029 1009 4108; x_wconf 85' lang='grc' dir='ltr'><em>τειχίον,</em></span> <span class='ocrx_word' id='word_1_373' title='bbox 1033 4024 1158 4107; x_wconf 81' lang='grc' dir='ltr'><em>δρυμός,</em></span> <span class='ocrx_word' id='word_1_374' title='bbox 1181 4031 1308 4091; x_wconf 81' lang='grc' dir='ltr'><em>τεῦτλον.</em></span> <span class='ocrx_word' id='word_1_375' title='bbox 1354 4031 1435 4091; x_wconf 87' lang='lat' dir='ltr'>Rem</span> 
     </span>
     <span class='ocr_line' id='line_1_39' title="bbox 253 4125 1436 4213; baseline -0.001 -23"><span class='ocrx_word' id='word_1_376' title='bbox 253 4130 430 4190; x_wconf 88' lang='lat' dir='ltr'>confirmant</span> <span class='ocrx_word' id='word_1_377' title='bbox 452 4127 674 4203; x_wconf 87' lang='lat' dir='ltr'>inscriptiones,</span> <span class='ocrx_word' id='word_1_378' title='bbox 696 4128 728 4186; x_wconf 89' lang='lat' dir='ltr'>in</span> <span class='ocrx_word' id='word_1_379' title='bbox 752 4129 859 4204; x_wconf 88' lang='lat' dir='ltr'>quibus</span> <span class='ocrx_word' id='word_1_380' title='bbox 884 4132 931 4188; x_wconf 88' lang='lat' dir='ltr'>est</span> <span class='ocrx_word' id='word_1_381' title='bbox 955 4131 1138 4207; x_wconf 84' lang='grc' dir='ltr'><em>Τειχιοῦσσα,</em></span> <span class='ocrx_word' id='word_1_382' title='bbox 1164 4127 1216 4187; x_wconf 87' lang='lat' dir='ltr'>sed</span> <span class='ocrx_word' id='word_1_383' title='bbox 1238 4146 1293 4202; x_wconf 90' lang='lat' dir='ltr'>pro</span> <span class='ocrx_word' id='word_1_384' title='bbox 1317 4125 1436 4213; x_wconf 78' lang='grc' dir='ltr'><em>ἐθνικῷ</em></span> 
     </span>
     <span class='ocr_line' id='line_1_40' title="bbox 253 4216 1435 4309; baseline 0.002 -21"><span class='ocrx_word' id='word_1_385' title='bbox 253 4229 425 4288; x_wconf 84' lang='lat' dir='ltr'>constanter</span> <span class='ocrx_word' id='word_1_386' title='bbox 448 4217 604 4285; x_wconf 79' lang='grc' dir='ltr'><em>Σιὸοόσιοι</em></span> <span class='ocrx_word' id='word_1_387' title='bbox 632 4216 685 4306; x_wconf 87' lang='lat' dir='ltr'>(cf.</span> <span class='ocrx_word' id='word_1_388' title='bbox 708 4226 767 4286; x_wconf 90' lang='lat' dir='ltr'>ind.</span> <span class='ocrx_word' id='word_1_389' title='bbox 792 4224 859 4284; x_wconf 82' lang='lat' dir='ltr'>cIA</span> <span class='ocrx_word' id='word_1_390' title='bbox 883 4219 922 4309; x_wconf 90' lang='grc' dir='ltr'>Ι).</span> <span class='ocrx_word' id='word_1_391' title='bbox 970 4229 1014 4286; x_wconf 78' lang='lat' dir='ltr'>Ex</span> <span class='ocrx_word' id='word_1_392' title='bbox 1041 4226 1150 4302; x_wconf 88' lang='lat' dir='ltr'>quibus</span> <span class='ocrx_word' id='word_1_393' title='bbox 1173 4225 1263 4283; x_wconf 91' lang='lat' dir='ltr'>simul</span> <span class='ocrx_word' id='word_1_394' title='bbox 1286 4233 1435 4290; x_wconf 85' lang='lat' dir='ltr'>accentus</span> 
     </span>
     <span class='ocr_line' id='line_1_41' title="bbox 253 4322 1437 4402; baseline -0.001 -19"><span class='ocrx_word' id='word_1_395' title='bbox 253 4326 360 4384; x_wconf 89' lang='lat' dir='ltr'>horum</span> <span class='ocrx_word' id='word_1_396' title='bbox 387 4322 600 4384; x_wconf 86' lang='lat' dir='ltr'>vocabulorum</span> <span class='ocrx_word' id='word_1_397' title='bbox 629 4323 825 4398; x_wconf 79' lang='lat' dir='ltr'>cognoscitur.</span> <span class='ocrx_word' id='word_1_398' title='bbox 871 4325 936 4383; x_wconf 88' lang='lat' dir='ltr'>Iam</span> <span class='ocrx_word' id='word_1_399' title='bbox 966 4322 1130 4383; x_wconf 89' lang='lat' dir='ltr'>Herodiani</span> <span class='ocrx_word' id='word_1_400' title='bbox 1157 4326 1306 4398; x_wconf 86' lang='lat' dir='ltr'>tempore,</span> <span class='ocrx_word' id='word_1_401' title='bbox 1336 4327 1392 4402; x_wconf 87' lang='lat' dir='ltr'>qni</span> <span class='ocrx_word' id='word_1_402' title='bbox 1419 4328 1437 4388; x_wconf 96' lang='grc' dir='ltr'><strong>Ι</strong></span> 
     </span>
     <span class='ocr_line' id='line_1_42' title="bbox 253 4414 1438 4503; baseline 0.002 -21"><span class='ocrx_word' id='word_1_403' title='bbox 253 4426 328 4496; x_wconf 88' lang='grc'>269,</span> <span class='ocrx_word' id='word_1_404' title='bbox 355 4425 396 4482; x_wconf 87' lang='grc'>36</span> <span class='ocrx_word' id='word_1_405' title='bbox 428 4414 607 4497; x_wconf 85' lang='grc' dir='ltr'><em>Τεότλονσοι,</em></span> <span class='ocrx_word' id='word_1_406' title='bbox 635 4424 738 4480; x_wconf 84' lang='lat' dir='ltr'>contra</span> <span class='ocrx_word' id='word_1_407' title='bbox 766 4421 781 4479; x_wconf 94' lang='grc' dir='ltr'>Ι</span> <span class='ocrx_word' id='word_1_408' title='bbox 809 4423 881 4499; x_wconf 94' lang='grc'>170,</span> <span class='ocrx_word' id='word_1_409' title='bbox 907 4424 947 4481; x_wconf 94' lang='grc'>14</span> <span class='ocrx_word' id='word_1_410' title='bbox 976 4421 1157 4500; x_wconf 82' lang='grc' dir='ltr'><em>Δρυμοῦσσο</em></span> <span class='ocrx_word' id='word_1_411' title='bbox 1184 4438 1220 4478; x_wconf 83' lang='lat' dir='ltr'>ex</span> <span class='ocrx_word' id='word_1_412' title='bbox 1248 4419 1303 4478; x_wconf 84' lang='lat' dir='ltr'>Th.</span> <span class='ocrx_word' id='word_1_413' title='bbox 1333 4424 1438 4503; x_wconf 81' lang='lat' dir='ltr'>affert,</span> 
     </span>
    </p>
   </div>
   <div class='ocr_carea' id='block_1_7' title="bbox 0 0 1521 4936">
    <p class='ocr_par' dir='ltr' id='par_1_10' title="bbox 0 0 1521 4936">
     <span class='ocr_line' id='line_1_43' title="bbox 0 0 1521 4936; baseline 0 0"><span class='ocrx_word' id='word_1_414' title='bbox 0 0 1521 4936; x_wconf 95' lang='lat' dir='ltr'> </span> 
     </span>
    </p>
   </div>
  </div>
 </body>
</html>
