2964 4972
698 322 915 385 ..26-

219 491 396 569 graphicum
425 509 516 565 supre
548 491 681 548 allatum.
734 488 923 563 Thucydides
957 491 1055 547 sutem
1089 487 1163 548 adeo
1195 508 1254 548 non
1286 491 1395 551 vitavit

220 589 439 650 coniunctivum
468 591 537 663 post
565 580 645 658 ὅπως
672 587 704 644 in
732 587 895 645 enuntietis
922 587 1042 663 proprie
1071 586 1224 662 finalibus,
1256 589 1274 648 i.
1303 608 1328 648 e.
1357 589 1394 648 iis
1480 624 1482 668 J

219 706 296 764 quae
323 705 383 746 non
411 705 429 745 a
456 686 548 746 verbo
576 684 701 744 curandi
728 684 776 744 vel
806 685 981 759 providendi
1007 685 1151 762 pendent,
1179 689 1213 745 ut
1240 688 1336 747 futuri
1363 688 1396 746 in

219 787 331 846 talibus
358 785 475 844 nullum
504 784 584 859 apud
612 803 681 842 eum
709 786 807 844 exstet
839 786 1007 858 exemplum
1040 784 1118 858 quod
1151 784 1274 859 quidem
1307 785 1395 846 libris

220 885 474 969 consentientibus
493 882 639 941 traditum
659 882 707 941 sit.
743 882 822 940 Num
841 880 899 938 VII
919 883 970 958 32,
991 885 1006 940 1
1032 880 1141 954 Νικίας
1163 875 1396 961 προπυθόμενος

219 981 325 1061 πέμπει
358 980 388 1054 ἐς
419 984 478 1041 τῶν
506 981 638 1040 Σικελῶν
669 973 738 1052 τοὺς
770 973 825 1057 τὴν
857 978 960 1038 δίοδον
988 977 1106 1057 ἔχοντος
1131 1025 1137 1038 .
1161 1026 1168 1040 ,
1192 1022 1214 1055 .,
1244 975 1326 1052 ὅπως
1353 975 1395 1059 μὴ

220 1075 406 1160 διαφρήσωσι
424 1072 494 1151 τοὺς
512 1077 680 1156 πολεμίους,
699 1072 772 1138 ἀλλὰ
792 1072 1002 1154 ξυστραφέντες
1024 1063 1177 1137 κωλύσωσι
1200 1077 1329 1138 διελθεῖν
1343 1081 1396 1155 M„

220 1182 271 1257 qui
303 1182 397 1240 solus.
418 1197 521 1237 rerem
552 1177 732 1253 scripturam
768 1175 913 1249 servavit,
949 1175 1170 1236 coniunctivum
1207 1170 1396 1254 δινφρήσοισι

219 1281 311 1338 habet
344 1271 466 1358 (reliqui
494 1267 675 1363 διαφήσοοσι
702 1278 824 1351 praeter
852 1267 1002 1351 ἀφήσουσι
1031 1273 1082 1333 Ar.
1111 1274 1179 1333 Chr.
1207 1266 1272 1355 K),
1305 1295 1396 1350 quem

220 1397 325 1437 verum
344 1395 410 1436 esse
429 1394 463 1433 eo
483 1374 676 1433 confirmatur
695 1374 775 1450 quod
794 1375 825 1432 in
848 1373 943 1431 altero
967 1372 1116 1431 enuntiati
1138 1372 1236 1431 finalis
1259 1374 1396 1433 membro

219 1469 372 1534 κωλύσωσι
395 1473 502 1549 optimi
523 1472 594 1530 libri
616 1473 654 1532 It.
680 1471 746 1533 Vat.
770 1471 858 1531 Laur.
881 1470 960 1546 Aug.
984 1471 1025 1530 M.
1047 1490 1085 1531 m.
1109 1472 1241 1530 tuentur.
1275 1469 1397 1529 Pariter

220 1574 276 1631 VII
302 1576 396 1647 39,’2
425 1563 554 1631 κελεύειν
582 1563 626 1629 ὅτι
652 1562 770 1647 τάχιστοι
796 1562 851 1646 τὴν
879 1561 992 1647 ἀγορῶν
1014 1562 1246 1647 μεταστήσοντος
1269 1565 1317 1627 ἐπὶ
1339 1560 1396 1646 τὴν

220 1666 375 1731 θάλασσαν
393 1667 511 1747 κομίσαι
532 1708 594 1740 ...,
614 1661 695 1738 ὅπως
715 1711 765 1728 ...
784 1659 1066 1744 ἆρισιοποιήσωνναι
1088 1664 1138 1727 καὶ
1157 1660 1198 1727 δι’
1219 1659 1320 1746 ὀλίγον
1340 1711 1368 1726 ..
1387 1709 1394 1723 .

220 1767 385 1848 ἐπιχειρῶσι
407 1766 625 1827 coniunctivum
648 1758 929 1844 ἆρισιοποιήσωνται
952 1764 1021 1824 Vat.
1045 1766 1109 1824 Pel.
1133 1766 1221 1824 Ιιειοι·Ι
1247 1786 1286 1825 m.
1310 1784 1396 1841 prae-

221 1869 292 1927 bent
314 1868 353 1925 ed
375 1863 541 1944 ἐπιχειρῶσι
564 1863 843 1924 convenientiorem.
889 1862 926 1922 In
949 1864 995 1924 his
1018 1864 1113 1941 igitur
1137 1864 1299 1923 enuntiatis
1322 1864 1397 1922 fina-

220 1967 298 2026 libus
326 1985 393 2024 cum
421 1963 626 2024 coniunctivus
655 1963 765 2039 ubique
794 1962 1002 2023 rescribendus
1031 1963 1084 2040 sit,
1112 1963 1144 2020 in
1170 1961 1294 2038 reliquis
1318 1963 1396 2037 opti-

219 2085 336 2125 morum
365 2064 516 2139 sequenda
543 2065 590 2121 est
616 2061 762 2120 librorum
789 2061 962 2120 auctoritas.
1013 2061 1056 2119 Ut
1088 2064 1189 2119 autem
1217 2053 1298 2131 ὅπως
1326 2079 1395 2119 oum

219 2163 299 2222 nudo
319 2161 506 2221 coniunctivo
525 2161 653 2236 iungens
673 2160 715 2218 sic
732 2160 765 2218 in
783 2158 940 2217 sententiis
955 2158 1075 2234 proprie
1089 2158 1229 2218 finalibus
1248 2159 1395 2232 futurum,

220 2262 299 2337 quod
317 2261 349 2318 in
366 2260 474 2320 iisdem
493 2259 572 2334 apud
591 2258 722 2334 tragicos
741 2258 928 2317 rarissimum
947 2259 1002 2331 est,
1026 2257 1184 2317 excludens
1204 2257 1394 2333 Thucydides

220 2361 347 2419 maxime
370 2360 408 2418 ad
430 2358 613 2434 tragicorum
637 2376 725 2416 usum
749 2375 780 2415 se
803 2357 978 2434 applicavit,
1007 2357 1059 2415 sed
1088 2356 1131 2414 ita
1155 2357 1188 2414 ut
1210 2355 1242 2415 in
1265 2359 1393 2432 utroque

220 2476 329 2535 genere
354 2457 445 2515 etiem
469 2456 649 2516 severiorem
672 2473 703 2514 se
727 2455 921 2529 praestiterit.

309 2552 383 2611 Oum
407 2552 502 2628 igitur
525 2551 554 2609 in
580 2551 760 2611 coniunctivi
783 2551 881 2613 finalis
906 2571 961 2610 usu
990 2570 1130 2628 magnam
1154 2550 1340 2628 Thucydidei
1363 2557 1394 2613 et

220 2652 328 2728 tragici
356 2650 500 2710 sermonis
528 2649 707 2709 affinitatem
735 2650 949 2727 invenerimus,
977 2651 1070 2708 etism
1097 2649 1221 2726 reliquis
1244 2650 1318 2709 locis
1341 2652 1394 2710 ubi

222 2752 326 2810 contre
348 2767 534 2808 communem
556 2745 727 2805 Atticorum
751 2748 866 2807 dicendi
888 2747 1133 2808 consuetudinem
1155 2740 1195 2805 ῶν
1218 2767 1236 2805 e
1258 2747 1394 2807 coniunc-

220 2849 282 2908 tivo
311 2848 398 2906 abest
425 2865 460 2905 ex
488 2845 669 2920 tragicorum
697 2847 824 2905 dictione
847 2846 967 2906 videtur
990 2845 1208 2906 decernendum
1232 2863 1298 2905 esse
1321 2866 1394 2905 num

219 2945 364 3005 librorum
391 2943 535 3002 memoria
563 2944 710 3003 servanda
737 2943 785 3002 sit.
835 2944 900 3003 Iam
928 2964 1000 3005 vero
1028 2964 1096 3004 cum
1122 2942 1285 3003 identidem
1314 2946 1393 3020 apud

220 3042 425 3119 Thucydidem
452 3037 533 3120 μέχρι
562 3030 599 3102 οὗ
626 3061 694 3101 cum
721 3041 800 3101 nudo
831 3044 1018 3103 coniunctivo
1050 3045 1170 3118 legatur
1203 3035 1263 3122 (III
1289 3044 1340 3116 28,
1365 3045 1392 3101 2.

220 3141 263 3200 IV
289 3144 339 3217 16,
364 3142 478 3220 2.,41,
503 3144 530 3199 1.
564 3141 615 3213 46,
640 3130 675 3219 3)
705 3142 735 3198 et
762 3141 866 3200 eodem
893 3141 981 3201 modo
1010 3137 1090 3220 μέχρι
1118 3140 1133 3198 Ι
1164 3143 1235 3212 137,
1265 3142 1283 3197 2
1312 3136 1394 3218 μέχρι

220 3242 311 3312 πλοῦς
339 3235 471 3318 γένηται,
500 3258 559 3298 non
587 3238 691 3297 dubito
720 3239 793 3315 quin
820 3239 875 3298 hoc
903 3241 940 3299 ab
968 3241 1033 3316 ipso
1058 3240 1202 3315 scriptore
1226 3240 1392 3314 profectum

221 3339 274 3414 sit,
302 3358 368 3397 cum
393 3338 481 3413 Soph.
507 3338 583 3396 Phil.
609 3340 682 3398 764.
712 3339 816 3397 Trach.
841 3340 914 3396 148.
941 3338 990 3398 lli.
1015 3339 1077 3398 555
1106 3340 1179 3397 item
1203 3333 1257 3409 ἕως
1280 3339 1393 3420 nudum

221 3435 441 3496 coniunctivum
469 3455 569 3494 secum
594 3437 717 3510 habeut,
746 3455 841 3512 neque
865 3435 1013 3494 assentior
1036 3434 1070 3495 L.
1092 3433 1260 3508 Dindorfio,
1288 3436 1394 3512 quiin

221 3534 314 3610 praef.
343 3533 380 3590 ad
403 3533 489 3592 Diod.
513 3532 528 3589 I
556 3554 584 3608 p.
607 3533 722 3591 XXVII
749 3537 871 3593 auctore
895 3533 1074 3592 Schneidero
1103 3533 1142 3591 ed
1164 3532 1292 3592 Aristot.
1314 3534 1392 3593 Hist.

120 3666 123 3670 ε
222 3652 268 3691 en.
296 3633 352 3691 vol.
381 3631 425 3688 IV
453 3652 481 3706 p.
512 3632 573 3690 169
602 3627 684 3710 μέχρι
711 3625 787 3690 dol
818 3635 889 3706 137,
919 3636 937 3690 2
969 3631 1187 3691 restituendum
1216 3650 1281 3690 esse
1309 3631 1393 3692 dixit

134 3726 140 3738 '
221 3729 333 3790 Eodem
357 3730 445 3788 modo
468 3728 539 3807 πρίν
562 3749 629 3788 cum
652 3730 731 3788 nudo
756 3730 955 3802 coniunctivo,
979 3730 1059 3806 qnod
1083 3728 1126 3786 VI
1153 3730 1202 3806 10,
1225 3730 1254 3788 5.
1288 3731 1339 3805 29,
1365 3733 1392 3789 2.

223 3831 273 3905 38,
299 3832 326 3887 2.
359 3828 433 3886 VIII
458 3831 487 3902 9,
512 3832 539 3888 1.
564 3832 582 3887 3
606 3829 730 3904 legitur,
758 3831 883 3887 tuentur
906 3826 995 3903 Soph.
1019 3828 1096 3887 Phil.
1122 3829 1194 3887 917.
1223 3825 1294 3887 Ant.
1320 3829 1393 3887 619.

223 3928 328 3986 Trach.
349 3929 422 3989 608.
444 3925 492 3987 Ai.
513 3928 585 3986 742.
607 3928 680 3987 965.
703 3928 775 3986 Eur.
794 3925 843 3986 Or.
866 3928 960 3986 1218.
993 3924 1097 4001 Neque
1115 3925 1212 4000 magis
1237 3927 1393 3999 suspectus

220 4025 318 4085 videri
347 4025 437 4084 debet
468 4024 548 4083 idem
579 4025 684 4084 modus
714 4028 783 4100 post
815 4042 978 4100 pronomen
1010 4024 1170 4083 relativum
1202 4021 1245 4079 IV
1280 4025 1330 4098 17,
1364 4025 1392 4080 2.

225 4127 273 4198 18,
303 4125 333 4198 4,
365 4143 454 4200 quem
488 4122 615 4182 eundern
647 4123 740 4183 hebes
772 4123 803 4181 in
836 4121 942 4182 Aesch.
971 4123 1056 4182 Eum.
1087 4124 1159 4182 211.
1192 4121 1299 4195 fragm.
1329 4121 1409 4195 238,

223 4212 338 4300 (Dind.)
368 4219 456 4296 Soph.
481 4218 541 4279 OR.
567 4222 660 4279 1231.
694 4221 799 4279 Trach.
824 4222 897 4280 251.
930 4221 1037 4297 fragm.
1064 4222 1141 4296 721;
1169 4220 1199 4276 et
1227 4218 1306 4294 quod
1335 4237 1393 4277 uno

221 4319 299 4394 loco,
325 4318 377 4394 qui
399 4321 447 4376 est
469 4318 513 4375 VI
538 4321 589 4392 21,
615 4322 630 4376 1
657 4317 683 4378 εἰ
705 4317 856 4395 ξνσιῶσιν,
880 4318 1082 4378 consentiente
1104 4318 1250 4376 librorum
1273 4317 1394 4391 praeter

222 4433 331 4491 paucos
355 4414 531 4475 deterrimos
555 4416 699 4474 memoria
722 4414 748 4475 εἰ
770 4435 836 4475 cum
859 4415 939 4474 nudo
962 4415 1149 4482 coniunctivo
1172 4414 1292 4489 legitur,
1315 4413 1394 4490 quod
