3022 4936
641 347 859 411 ..25-

164 535 310 592 nusquam
340 516 561 574 coniunctivum
589 515 694 586 habet,
722 514 857 573 restiluit
859 514 996 584 ‚Quod
1024 517 1185 592 denique'
1178 535 1208 574 ιιι
1231 517 1339 576 Phere-

165 614 255 673 cratis
279 615 386 689 fragm.
412 615 484 688 143,
510 617 527 672 7
552 604 611 692 (ed.
636 605 785 690 Kock.)‘
768 632 849 683 οιτως
872 605 1081 693 ἀνεκλογίστως
1104 618 1235 685 πλεῖστος
1259 607 1340 686 οἶνος

165 710 281 795 ἐκποθῇ
306 714 417 784 exstat,
442 711 584 770 trochaici
608 709 783 769 tetrametri
800 709 831 767 in
854 711 962 786 quibus
986 713 1059 770 haec
1082 714 1174 772 verba
1197 715 1341 789 leguntur

164 829 223 868 non
247 809 387 886 diverbii,
416 809 468 868 sed
496 798 691 886 ἕιτιρρηματος
714 807 856 867 videntur
878 810 1028 883 particula
1051 829 1124 870 csse.
1170 809 1198 867 A
1221 811 1339 870 comicis

165 908 348 984 tragicorum
378 927 475 966 sermo
504 907 547 965 ita
576 906 725 980 discrepat
754 908 788 964 ut
813 907 909 965 multo
893 899 1080 983 ofrequent
1073 928 1119 968 rus
1144 902 1224 980 όιιως
1247 901 1320 968 et
1301 931 1340 980 ως

165 1026 233 1064 cnm
256 1005 336 1064 nudo
361 1004 546 1064 coniunctivo
569 1003 697 1079 iungant
720 1023 811 1078 quam
833 998 873 1062 ιιι
896 1005 1062 1065 addantet
1049 1001 1176 1067 tubi''
1156 1029 1194 1064 αν
1212 1007 1337 1064 addatur
1335 1027 1342 1040 ·

166 1105 262 1161 multo
245 1103 405 1178 osaepius
430 1093 469 1172 ὡς
492 1095 530 1159 (ιν
554 1120 643 1176 quam
667 1095 748 1173 ὅπως
770 1095 810 1160 d‘v
832 1096 1004 1182 habeant1)
1050 1104 1127 1163 Hinc
1151 1105 1340 1180 cognoscitur

165 1201 348 1260 sublimioris
382 1200 498 1259 dicendi
530 1200 650 1276 generis
683 1200 776 1259 fuisse
809 1195 889 1273 ὅπως
922 1205 953 1261 et
988 1195 1027 1274 ὡς
1059 1223 1125 1261 cum
1162 1204 1242 1263 nudo
1274 1223 1341 1261 con-

165 1298 306 1373 iunctivo,
330 1299 360 1356 in
384 1299 691 1378 sermonocommnni
714 1292 753 1357 ἅν
776 1299 910 1358 additum
935 1321 1015 1377 esse,
1038 1302 1095 1359 nisi
1119 1302 1198 1377 quod
1221 1303 1259 1359 ab
1284 1322 1340 1360 usu

166 1396 358 1473 epigraphico
377 1389 416 1468 ὦς
435 1397 523 1455 finale
542 1397 661 1455 omnino
681 1396 811 1455 alienum
833 1398 900 1457 fuit.
937 1397 985 1456 Ad
1005 1398 1215 1474 Thucydideae
1239 1402 1340 1457 autem

165 1495 309 1553 historiae
337 1495 546 1554 austeritatem
576 1495 703 1552 maxime
733 1495 929 1554 conveniebat
956 1496 1126 1555 sublimitas
1155 1496 1339 1573 elocutionis,

166 1596 197 1651 et
224 1613 314 1669 quam
342 1595 477 1652 consulto
506 1612 572 1652 eam
600 1596 720 1652 secutus
749 1594 789 1653 sit
815 1595 937 1669 practer
964 1594 1037 1669 alia,
1065 1595 1150 1653 velut
1177 1611 1216 1653 σσ
1242 1598 1272 1653 et
1300 1611 1341 1673 ρσ

165 1693 332 1766 antiquiore
351 1712 433 1751 more
452 1713 505 1767 pro
525 1714 559 1750 ιτ
578 1694 609 1749 ot
627 1713 666 1769 ρρ
685 1693 792 1767 posita,
816 1692 943 1751 maxime
963 1693 1186 1751 enuntiatorum
1205 1693 1340 1752 finalium

165 1791 202 1848 ab
235 1784 315 1861 ὅπως
348 1793 379 1849 et
412 1782 451 1862 ὦς
484 1790 665 1849 ordientium
698 1793 850 1849 structura
880 1791 1020 1850 ostendit.
1071 1792 1149 1849 Nam
1178 1791 1272 1850 additi
1303 1792 1340 1850 ad

165 1888 387 1947 coniunctivum
420 1881 459 1944 ὄιν
493 1906 584 1943 ιιιιιιιιι
617 1885 695 1960 apud
729 1907 797 1945 eum
828 1890 996 1963 exemplum
1024 1890 1176 1948 invenitur
1203 1888 1340 1963 idemque

166 2006 257 2044 tinum
277 1977 316 2053 ὡς
340 1985 452 2042 finalis:
481 1984 524 2040 VI
550 1987 601 2056 91,
626 1986 645 2042 4
674 1984 700 2043 εἰ
723 1973 761 2061 μη
787 2031 792 2041 .
820 2032 825 2044 .
849 2029 855 2042 .
879 1981 1006 2061 πέμψετε
1035 1978 1129 2061 ἄνδρα
1152 1980 1340 2063 Σπαρτιάτην

165 2077 301 2158 ἄρχοντα,
327 2073 367 2150 ὡς
385 2073 424 2138 dv
442 2074 511 2151 τούς
529 2102 558 2139 τε
577 2075 726 2158 παρόντας
744 2075 870 2159 ξυντάξη
891 2077 939 2138 και
959 2073 1027 2152 τοὺς
1041 2074 1080 2158 μὴ
1094 2077 1237 2154 θέλοντας
1250 2098 1338 2160 repos-

166 2162 319 2258 αναγκάση
343 2196 402 2237 ιιοιι
426 2179 521 2255 magis
544 2179 574 2236 in
599 2180 797 2254 suspicionem
821 2180 985 2237 vocandum
1009 2197 1099 2254 qnam
1129 2181 1221 2238 semel
1251 2181 1342 2256 scrip-

166 2279 230 2335 tum
256 2275 315 2332 VH
341 2277 391 2352 65,
417 2279 435 2333 2
464 2270 544 2347 ὅπως
571 2270 612 2334 dv
639 2276 726 2335 finale
754 2296 820 2334 cum
849 2277 983 2351 optativo
1012 2280 1065 2335 aut
1091 2276 1170 2353 quod
1195 2298 1253 2337 uno
1276 2281 1340 2337 loco

165 2377 201 2433 ad
226 2376 362 2434 timidam
388 2375 640 2450 exspectationem
663 2374 889 2452 significandam
917 2375 1029 2451 legitur
1052 2369 1094 2452 μη’
1116 2395 1183 2434 oum
1206 2377 1340 2451 optativo

166 2475 196 2532 et
220 2467 307 2531 ἄιΗ
328 2476 378 2546 93,
400 2476 429 2532 3.
467 2470 540 2530 (lum
563 2473 658 2549 igitur
678 2474 866 2550 Thucydides
890 2466 970 2544 ὅπως
993 2467 1031 2531 ἄν
1054 2493 1122 2532 cum
1145 2475 1340 2550 coniunctim,

166 2573 245 2648 quod
268 2572 366 2630 rarius
390 2571 498 2648 tragici
520 2571 642 2649 habent,
665 2573 784 2630 omnino
807 2592 866 2630 non
889 2572 1054 2647 admiserit,
1078 2575 1171 2630 semel
1194 2574 1252 2631 sibi
1275 2593 1340 2632 con-

165 2671 290 2730 cesserit
309 2661 350 2741 ὦς
368 2664 416 2744 dv,
440 2689 498 2745 quo
518 2670 637 2744 saepius
656 2671 701 2729 illi
725 2673 860 2745 utuntur,
883 2669 914 2726 in
938 2689 972 2728 eo
996 2689 1106 2744 genere
1130 2670 1221 2728 etiam
1244 2671 1340 2748 magis

165 2771 320 2844 vulgarem
345 2767 460 2826 dicendi
484 2768 727 2826 consuetudinem
751 2769 928 2842 aspernatus
952 2771 998 2826 est
1026 2787 1116 2843 quam
1142 2768 1199 2843 ipsi
1223 2768 1338 2845 tragici,

164 2868 196 2925 in
219 2887 253 2925 eo
277 2869 379 2925 autem
403 2866 483 2941 quod
507 2857 546 2936 ὡς
568 2865 656 2925 finale
679 2886 827 2942 nusquam
851 2866 1010 2941 usurpavit
1032 2867 1090 2924 nisi
1109 2887 1168 2925 uno
1187 2868 1252 2926 loco
1272 2886 1339 2926 cum

164 2959 203 3023 dv
231 2966 419 3023 coniunctum
448 2965 581 3038 proximo
609 2965 723 3024 accedit
750 2965 787 3023 ad
817 2964 863 3023 sui
889 2966 920 3023 et
943 2965 1038 3022 omnis
1063 2964 1241 3039 antiquioris
1265 2968 1338 3023 tem-

164 3062 245 3138 poris
276 3082 362 3120 usum
390 3063 627 3138 epigraphicum,
656 3082 674 3120 a
701 3082 759 3138 quo
787 3061 862 3119 illud
890 3061 1009 3120 omnino
1040 3060 1170 3119 alienum
1200 3063 1253 3118 est.
1299 3061 1341 3118 Ut

164 3160 273 3235 tragici
298 3159 340 3217 sic
364 3159 553 3234 Thucydides
577 3179 693 3235 quoque
716 3179 774 3217 non
799 3159 894 3216 solum
919 3178 985 3215 oum
1005 3158 1172 3232 praesentis
1191 3149 1220 3236 (Ι
1241 3160 1291 3230 37,
1312 3160 1340 3218 4.

166 3260 218 3335 62,
237 3259 267 3315 4.
296 3259 347 3330 87,
368 3258 396 3314 4.
424 3256 470 3312 Ill
493 3259 545 3332 46,
566 3258 595 3316 6.
623 3259 675 3332 51,
701 3261 727 3316 2.
759 3259 809 3332 74,
835 3259 863 3314 2.
895 3257 967 3328 105,
992 3258 1020 3314 3.
1051 3257 1122 3328 107,
1147 3258 1165 3313 3
1187 3249 1265 3335 etc),
1289 3256 1341 3315 sed

165 3356 257 3418 etiam
281 3374 348 3412 cum
372 3354 476 3413 aoristi
499 3354 686 3414 coniunctivo
710 3348 791 3424 ὅπως
814 3353 917 3412 iunxit.
956 3354 1039 3426 Nam,
1053 3355 1134 3411 certa
1157 3353 1245 3412 huius
1269 3375 1340 3414 usus

166 3455 301 3528 exempla
319 3454 512 3512 inveniuntur
532 3453 584 3511 ubi
602 3454 732 3511 aoristus
752 3471 787 3509 ex
807 3452 909 3510 futuro
927 3452 1107 3527 depravatus
1123 3471 1188 3510 esse
1202 3457 1341 3530 nequeat,

165 3551 250 3609 velut
272 3549 319 3607 ΙΙΙ
343 3553 393 3626 49,
419 3554 436 3608 2
467 3544 548 3622 ὅπως
576 3544 615 3628 μη
645 3596 651 3610 .
676 3595 682 3609 .
707 3599 713 3611 .
742 3543 862 3629 εὕρωσι,
890 3549 936 3607 ΙΙΙ
965 3552 1016 3623 81,
1047 3553 1063 3608 1
1094 3543 1175 3621 ὅπως
1203 3543 1241 3628 μὴ
1272 3597 1279 3611 ,
1303 3599 1309 3610 .
1334 3598 1339 3610 .

165 3641 300 3722 ὀφθῶσι,
332 3647 360 3702 V
390 3649 430 3707 85
463 3641 543 3718 ὅπως
576 3641 612 3723 δη
647 3641 685 3725 μὴ
715 3696 721 3708 .
747 3695 752 3707 .
777 3693 785 3708 .
814 3641 995 3725 ἀπατηθῶσι.
1049 3648 1182 3717 Quorum
1210 3648 1340 3708 Cebetas

165 3746 280 3803 nullam
304 3745 451 3804 rationem
474 3744 593 3819 habuit,
620 3766 687 3804 cum
710 3747 785 3803 VIII
811 3749 883 3819 109,
909 3749 925 3804 1
952 3739 1033 3817 ὅπως
1056 3742 1208 3824 μέμψηται
1227 3767 1256 3804 τε
1281 3792 1340 3806 ...
1409 3744 1414 3752 ’

166 3839 216 3900 και
231 3887 239 3901 .
256 3887 262 3900 .
278 3889 284 3900 .
303 3833 522 3921 αἰιιολογησηιαι
541 3844 572 3901 et
590 3843 661 3901 alibi
680 3843 732 3902 ubi
753 3844 834 3902 facili
857 3845 977 3919 negotio
1000 3844 1066 3902 fieri
1088 3848 1192 3920 posset
1214 3846 1340 3904 aoristos

168 3941 200 3998 in
230 3941 333 3999 futura
361 3939 519 3998 mutandos
552 3958 617 3998 csse
650 3943 792 4000 censeret.
840 3942 1000 4000 Praeterea
1030 3943 1121 4000 etiam
1145 3943 1250 4001 aoristi
1273 3961 1339 4001 con-

166 4039 314 4097 iunctivos
338 4037 369 4094 in
393 4054 434 4096 σω
459 4040 489 4096 et
513 4053 607 4114 σωμαι
633 4039 743 4096 futuris
768 4039 934 4097 simillimos
960 4039 1115 4098 sententiis
1139 4041 1278 4100 finalibus
1303 4043 1341 4100 ab

167 4125 250 4206 ὅπως
283 4136 470 4196 ordientibus
503 4135 654 4194 adhibitos
687 4155 752 4194 esse
786 4136 962 4196 documento
996 4138 1042 4195 est
1074 4138 1242 4212 exemplum
1281 4141 1340 4215 epi-

242 4362 266 4429 1)
292 4359 332 4414 De
353 4360 428 4414 omni
448 4359 656 4414 enuntiatorum
679 4358 806 4412 finalium
825 4358 900 4427 apud
918 4358 1041 4428 tragicos
1060 4378 1111 4414 usu
1131 4361 1165 4415 cf.
1185 4361 1288 4417 Weber
1306 4395 1339 4402 —

168 4440 562 4511 Entwickelnngsgescbichte
581 4439 630 4494 der
650 4439 858 4494 Absicbtssi'atze
877 4439 890 4491 I
908 4459 934 4508 p.
956 4446 988 4493 79
999 4457 1057 4509 sqq.
