3022 4936
652 339 850 402 ,6-

163 527 198 567 ex
216 508 269 566 καί
290 506 460 566 concessive
483 507 562 580 qued
586 505 613 564 εἰ
634 504 799 580 particulae
823 504 959 563 additum
983 506 1028 562 est
1051 506 1135 578 patet
1158 503 1340 562 sententiam

163 605 309 681 adquam
333 603 465 663 condicio
490 603 607 678 spectat
630 606 736 677 suapte
759 602 851 660 etiam
874 602 904 659 vi
922 603 1067 660 constare.
1105 601 1218 660 Eadem
1237 601 1341 660 emissi

163 697 202 761 ἅν
224 721 315 760 eausa
338 720 402 761 esse
426 701 605 777 perspicitur
625 700 667 758 Vl
689 702 740 776 86,
760 702 778 760 5
806 698 924 777 νομίσαι
946 720 975 758 τε
997 699 1094 759 τοῖσδε
1117 695 1171 776 μὲν
1193 695 1242 758 καλ
1265 692 1340 758 ἄνευ

164 794 323 878 ξυμμάχων
342 797 398 860 αιέλ
417 792 467 876 ἐφ’
489 793 565 877 ὑμῖις
585 795 703 875 ἑτοίμην
722 790 821 857 διὰτὸ
845 801 963 875 πλῆθος
986 789 1062 857 εἶναι
1085 790 1167 872 ὁδόν,
1191 797 1243 856 ubi
1265 791 1340 856 ἄνευ

164 892 323 976 ξυμμάχων
346 898 525 958 condicionis
548 898 613 957 vice
636 897 781 971 fungitur.
831 896 958 971 Reliqua
980 900 1082 955 autem
1110 916 1186 971 quae
1213 896 1343 971 preferri

164 999 292 1073 pessunt
314 990 353 1056 6ο
376 997 479 1056 emissi
503 997 640 1071 exempla
661 994 807 1070 temperis
830 995 922 1054 etiam
944 995 1073 1067 ratione,
1102 997 1137 1052 ut
1163 994 1343 1065 videbimus

168 1100 308 1170 suspecta
331 1098 410 1155 sunt.

132 1195 135 1199 ’
255 1194 360 1269 Neque
383 1194 472 1252 aliter
495 1212 543 1252 res
567 1211 599 1252 se
622 1192 723 1268 habet,
747 1193 773 1250 si
795 1190 958 1250 condicioni
982 1190 1192 1265 exprimendae
1215 1181 1270 1250 εἰῖν
1293 1192 1346 1251 vel

165 1286 204 1368 ήν
227 1311 294 1350 cum
316 1291 503 1351 coniunctivo
522 1291 690 1350 adhibetur.
728 1289 796 1348 Nisi
815 1289 893 1348 enim
912 1287 1076 1349 infinitivus
1096 1289 1191 1347 futuri
1211 1289 1345 1364 ponitur,

167 1390 249 1449 cuius
282 1389 418 1464 exempla
450 1389 558 1448 afferre
591 1388 783 1464 supersedeo,
820 1379 858 1445 ῖῖν
893 1385 1039 1447 infinitivo
1077 1379 1159 1464 (nam
1193 1387 1346 1462 participii

168 1488 304 1562 exempla
331 1487 410 1562 apud
439 1486 643 1562 Thucydidem
670 1506 729 1546 nen
757 1475 871 1564 Inveni)
906 1484 1028 1559 adiungi
1062 1486 1147 1544 solet.
1197 1485 1348 1560 Exempla

166 1586 256 1644 huius
275 1586 394 1659 generis
412 1586 486 1644 haee
505 1588 586 1643 sunt:
611 1584 655 1641 IV
677 1587 726 1660 19,
747 1588 765 1643 2
793 1579 945 1661 νομίζομέν
963 1604 992 1642 τε
1011 1575 1061 1654 τὰς
1085 1575 1211 1661 μεμοῖλας
1234 1580 1348 1660 ἔχθρας

167 1675 278 1760 μάλιστ’
309 1674 348 1740 dv
376 1673 549 1741 διαλύεσθαι
579 1681 720 1759 βεβαίως,
749 1675 804 1742 οὐκ
831 1674 870 1757 liv
898 1672 1138 1758 ἆνταμυνόμευός
1164 1703 1207 1751 τις
1235 1723 1242 1738 .
1267 1726 1274 1738 .
1304 1673 1347 1758 μὴ

168 1773 226 1839 οάτὸ
256 1781 309 1838 τοῦ
342 1778 408 1839 ἴσον
441 1778 552 1863 ξυμβῇ,
584 1772 646 1837 ἄλλ’
676 1772 716 1856 ήυ
744 1821 751 1835 .
778 1826 784 1837 .
816 1777 936 1856 μετρίως
966 1778 1142 1859 ξυναλλαγῇ,
1175 1777 1217 1835 VI
1247 1780 1300 1853 49,
1326 1782 1346 1837 2

170 1876 316 1953 αι’φνίὸιοι
340 1872 372 1935 δέ
394 1869 433 1953 ήυ
456 1872 672 1953 προσπέσωσιν,
697 1924 730 1937 ..
760 1869 872 1953 μάλιστ’
897 1868 936 1935 lv
959 1881 1043 1952 σφεῖς
1066 1872 1271 1955 περιγενέσθαι
1295 1874 1349 1936 καὶ

169 1969 241 2035 κατὰ
269 1968 365 2034 πάντα
393 1967 432 2034 lv
459 1968 567 2046 αὐτοὺς
590 1972 769 2053 ἐκφοβῆσαι,
799 1978 850 2048 96,
876 1978 891 2033 1
922 1973 1107 2051 νομίσαντες,
1135 1968 1189 2033 ἐὰν
1217 1967 1256 2051 μή
1286 1977 1349 2032 τῶν

167 2068 337 2134 Ἐπιπολῶν
355 2068 538 2153 κρατήσωσιν
557 2073 588 2134 οῖ
604 2067 771 2151 Ἀθηναῖοι,
791 2121 797 2134 .
817 2117 824 2132 .
844 2065 899 2132 οὐκ
922 2064 961 2130 ἂν
984 2071 1094 2154 ῥαδίως
1117 2075 1195 2148 σφῖις
1215 2117 1221 2131 .
1241 2120 1248 2132 .
1272 2066 1348 2132 ἄπο-

169 2164 392 2252 τειχισθήυαι.1)
444 2172 502 2230 Ubi
530 2166 569 2231 έν
597 2173 760 2249 emittitur,
793 2189 884 2230 causa
915 2171 979 2230 eius
1011 2171 1056 2229 rei
1086 2172 1174 2230 facile
1205 2173 1349 2247 cognosci

169 2275 279 2348 potest.
324 2271 367 2327 IV
397 2273 425 2345 3,
456 2274 474 2329 3
508 2269 538 2329 οῖ
567 2266 598 2328 δέ
626 2265 735 2342 πολλὰς
762 2268 878 2345 έφασαν
912 2261 987 2328 εἶναι
1014 2263 1106 2346 ἄκρας
1136 2260 1264 2346 ἐρήμους
1293 2272 1348 2347 τῆς

171 2360 419 2444 Πελοποννήσου,
445 2358 484 2444 ἢν
507 2361 649 2444 βούληται
671 2361 904 2445 καταλαμβάνων
927 2359 981 2443 τήν
1003 2359 1091 2426 πόλιν
1115 2367 1253 2427 δαπανᾶν
1283 2388 1351 2427 sen-

173 2466 268 2524 tentia
294 2465 333 2522 ad
361 2483 450 2540 quam
478 2464 609 2523 condicio
638 2469 756 2539 spectat
782 2469 902 2541 praeter
932 2484 998 2524 eam
1027 2469 1133 2541 suapte
1161 2468 1192 2525 vi
1219 2471 1349 2527 constat.

172 2563 270 2622 Aliter
297 2566 487 2637 comparatus
515 2565 562 2621 est
588 2564 671 2621 locus
695 2563 737 2620 VI
762 2566 812 2637 49,
842 2567 860 2622 2
888 2557 920 2622 τὸ
948 2556 1004 2642 γὰρ
1031 2566 1148 2641 πρῶτον
1176 2567 1237 2624 πᾶν
1264 2563 1351 2644 στρά-

171 2683 262 2738 τευμα
282 2653 450 2720 δεινότατον
469 2652 555 2720 εῖναι·
581 2652 622 2738 ἢν
641 2657 673 2720 δέ
692 2661 815 2742 χρονίσή
834 2658 904 2740 πρὶν
922 2658 952 2733 ἐς
971 2656 1044 2738 ὄψιν
1063 2659 1171 2739 ε’λθεῖν,
1189 2665 1223 2746 τῇ
1242 2658 1351 2746 γνώμῃ

172 2753 418 2836 ἆναθαρσοῖιντας
445 2750 628 2835 ἆνθροέπους
656 2755 705 2817 καῖ
732 2763 766 2839 τῇ
794 2754 863 2834 ὄψει
887 2765 1083 2838 καταφρονεῖν
1106 2764 1224 2838 μᾶλλον.
1270 2763 1351 2824 Cum

4 2847 79 2874 Ἢ
173 2860 252 2918 enirn
275 2857 362 2915 facile
384 2859 489 2932 pateat
511 2857 542 2914 in
566 2857 708 2933 exemplis
732 2856 818 2916 modo
842 2858 967 2932 prolatis
990 2859 1136 2918 infinitivo
1165 2880 1230 2918 cum
1255 2854 1294 2918 6ο
1318 2863 1351 2920 in

174 2956 308 3015 oratione
332 2955 454 3029 obliqua
475 2955 573 3029 posite
597 2955 776 3032 respendere
799 2955 830 3013 in
853 2956 987 3014 eratione
1011 2959 1093 3015 recta
1116 2957 1248 3015 eiusdem
1273 2961 1351 3017 tcm-

173 3055 253 3130 poris
282 3054 449 3128 optativum
478 3073 544 3112 cum
572 3047 624 3129 έν,
652 3056 731 3113 nude
759 3053 905 3114 infinitivo
929 3054 1024 3113 futuri
1047 3055 1179 3114 ciusdem
1204 3059 1351 3131 temporis

175 3153 376 3229 indicativum,
400 3153 455 3211 hcc
478 3153 542 3211 leco
566 3152 715 3211 sententia
736 3152 885 3228 generalis
905 3152 935 3210 in
953 3153 1087 3213 eratione
1106 3156 1188 3212 recta
1211 3154 1351 3214 indicati-

175 3271 245 3311 vum
273 3251 440 3325 praesentis
468 3251 614 3323 postulat:
647 3241 686 3326 ἢν
714 3245 747 3309 δὲ
774 3249 910 3329 χρονῖσή,
943 3244 1100 3329 ἅνθρωποι
1127 3255 1352 3328 καταφρονοῦσι

176 3351 293 3426 μᾶλλον.
336 3349 441 3425 Neque
465 3349 569 3425 negari
592 3349 693 3423 petest
716 3349 820 3407 eadem
843 3349 958 3408 ratione
981 3349 1160 3408 infinitivum
1184 3349 1353 3410 condicioni

174 3447 255 3505 nude
279 3447 413 3521 optative
437 3446 610 3531 enuntiatae
634 3447 800 3506 subiectum
824 3440 862 3505 dv
882 3447 1031 3521 particula
1049 3466 1149 3505 carere
1169 3466 1265 3522 pesse.
1303 3449 1352 3508 De

176 3564 209 3602 re
236 3545 402 3618 praeterita
431 3544 509 3601 enim
537 3543 569 3600 in
596 3544 745 3602 sententia
769 3543 904 3618 generali
926 3544 1060 3618 optativo
1085 3544 1189 3604 Graeci
1214 3548 1351 3608 utuntur.

177 3641 283 3716 Itaque
307 3639 382 3698 VIII
407 3644 457 3714 66,
482 3643 500 3698 2
530 3639 556 3699 εἰ
582 3635 615 3699 δέ
642 3663 684 3712 τις
710 3637 760 3699 καὶ
788 3634 932 3716 ἀντείποι,
960 3634 1053 3713 εὐθὺς
1077 3689 1084 3702 .
1109 3689 1114 3700 .
1146 3636 1295 3718 ἐτεθνήκει
1319 3645 1352 3704 in

78 3800 81 3804 A
179 3740 313 3798 oratione
332 3739 454 3813 obliqua
473 3739 547 3796 hanc
568 3738 693 3796 formam
712 3739 850 3797 indueret
871 3737 898 3797 εἰ
915 3734 948 3797 δέ
966 3760 1007 3810 τις
1025 3736 1075 3798 καὶ
1095 3731 1235 3814 ἀπείποι,
1254 3737 1353 3819 ἔλεγεν

178 3830 273 3908 εὐθὺς
296 3829 388 3895 αὐτὸν
410 3832 594 3914 τεθνηκέναι.
636 3837 740 3912 Neque
763 3837 851 3896 aliter
874 3855 922 3896 res
947 3856 978 3896 se
1002 3838 1101 3912 habet,
1124 3839 1150 3897 si
1173 3840 1242 3897 talis
1266 3844 1352 3913 opta-

178 3938 259 3997 tivus
283 3936 421 4012 obliquus
445 3939 492 3995 est
514 3955 568 4011 pro
591 3936 778 3998 coniunctivo
801 3936 936 4012 generali
954 3937 1077 4012 pesitus,
1101 3937 1148 3997 eui
1171 3938 1275 4013 generi
1298 3940 1352 3996 ad-

179 4035 308 4094 scribere
335 4035 407 4093 licet
434 4035 604 4109 exemplum
631 4034 673 4092 IV
702 4039 752 4108 11,
779 4037 799 4093 4
828 4035 887 4093 alia
915 4035 951 4093 de
979 4054 1069 4095 causa
1095 4052 1187 4109 supra
1214 4035 1351 4112 allatum,

255 4279 279 4344 1)
299 4276 427 4329 Alienum
448 4277 490 4328 est
509 4275 559 4328 Vll
580 4281 621 4343 77,
642 4282 658 4330 6
682 4273 716 4344 ἢν
740 4273 959 4347 ἆντιλαβώμεθοῖ
982 4295 1031 4328 του
1052 4274 1147 4342 φιλίου
1167 4275 1269 4342 χωρίου
1290 4319 1295 4330 .
1313 4318 1318 4329 .
1336 4319 1352 4343 .,

182 4349 236 4422 ἤδη
255 4356 380 4422 νομίζετε
402 4352 432 4408 έν
451 4356 489 4426 τῷ
510 4351 599 4427 ἐχυρῷ
619 4353 703 4422 εἶναι,
722 4355 771 4410 ubi
796 4354 923 4411 condicio
942 4371 997 4409 non
1011 4353 1047 4408 ad
1062 4349 1093 4408 έν
1108 4353 1145 4423 τῷ
1162 4350 1251 4426 ἐχυρῷ
1267 4351 1353 4425 εἶναι,

181 4432 229 4488 sed
248 4434 284 4488 ad
302 4435 427 4502 νομίζετε
447 4435 574 4490 refertur.
