3022 4936
652 335 866 398 ..62-

170 499 305 574 pleribus
337 520 364 558 ει
396 503 427 558 et
459 522 478 578 η
512 498 651 557 distincte
683 501 824 573 poteraut
855 499 967 573 scripta
1000 518 1065 558 esse
1095 500 1185 576 idque
1212 501 1348 560 animad-

170 600 288 656 vertere
315 595 504 672 grammatici
532 596 741 671 Alexandrini,
774 616 809 656 ex
842 614 969 671 quorum
999 598 1134 656 doctrina
1161 599 1349 673 posteriores

170 713 225 752 sua
247 714 389 771 magnam
411 698 529 771 partem
552 694 726 753 hauserunt.
772 694 878 768 Neque
902 695 1184 754 contradicendum
1208 698 1256 754 est
1277 695 1347 753 ille-

169 791 304 868 gitimam
329 793 404 852 hano
428 812 493 852 esse
517 813 563 851 εαι
585 793 734 852 vocalium
757 793 999 852 contractionem.
1044 792 1122 850 Nam
1145 791 1233 851 hodie
1256 810 1347 850 nemo

170 892 217 948 est
245 891 296 965 qui
323 891 436 950 nesciat
465 893 610 967 quantum
637 890 669 948 in
700 890 811 949 talibus
844 894 983 966 grassata
1015 890 1055 949 sit
1086 890 1164 949 falsa
1195 890 1348 965 analogia,

169 991 200 1045 et
223 987 426 1064 distinguendi
450 1007 541 1048 causa
564 989 722 1047 secundam
745 1007 823 1064 pers.
845 989 920 1064 sing.
940 988 1093 1047 indicativi
1113 991 1143 1047 et
1162 987 1349 1047 coniunctivi

93 1134 96 1139 .
169 1085 258 1144 medii
285 1087 334 1146 vel
361 1087 474 1163 passivi
502 1088 540 1146 ad
568 1086 794 1146 similitudieem
823 1088 932 1147 tertiae
960 1088 1035 1164 sing.
1058 1087 1118 1147 ind.
1142 1089 1173 1145 et
1195 1086 1347 1145 eoniunet

168 1183 259 1242 activi
282 1185 461 1244 formabant.
502 1185 735 1259 InscriptIonum
759 1188 895 1260 exempla
916 1186 1023 1262 quibus
1047 1204 1096 1244 res
1119 1185 1348 1242 demonstretur

167 1300 227 1340 non
250 1285 377 1342 exstant.
426 1283 515 1358 Apud
538 1281 594 1339 Th.
617 1281 711 1356 igitur
734 1283 936 1358 recipiendum
960 1287 1007 1342 est
1031 1275 1100 1362 ἡγεῖ
1122 1281 1161 1339 VI
1187 1283 1237 1356 14,
1263 1285 1280 1338 1
1308 1301 1348 1340 ex

168 1379 231 1437 Pal.
250 1383 281 1438 et
295 1379 355 1455 Gr,
374 1378 592 1438 emendandum
610 1370 737 1462 ὑπισχνῇ
752 1379 766 1436 I
784 1382 855 1454 129,
872 1384 900 1440 3.
933 1380 1102 1439 Verborum
1121 1381 1348 1438 contractorum

167 1477 327 1551 singularis
357 1478 417 1551 opt.
445 1495 540 1551 praes
569 1476 666 1560 forma
689 1475 793 1536 AttIca
819 1478 849 1535 in
876 1501 928 1554 ην,
956 1471 1007 1555 ηςζ
1033 1501 1053 1555 η
1081 1479 1143 1536 exit
1170 1495 1263 1552 eaque
1288 1476 1347 1535 Th.

165 1575 276 1650 ubique
301 1593 389 1633 usum
412 1593 478 1632 esse
508 1576 643 1649 apparet.
690 1574 751 1631 Eae
776 1576 945 1635 enimcum
969 1577 1045 1637 satis
1068 1579 1239 1652 frequentes
1263 1577 1350 1650 apud

165 1691 233 1730 eum
263 1672 336 1748 sint,
365 1689 531 1747 perpaucae
563 1673 679 1729 restant
706 1692 782 1747 quae
810 1675 1017 1734 emendatione
1046 1677 1163 1750 egeant.
1208 1672 1288 1730 Nam
1314 1672 1349 1731 ΙΙ

168 1772 217 1847 79,
250 1773 267 1829 9
302 1769 404 1847 δοκοίη
437 1771 468 1828 in
495 1789 534 1828 m.
563 1771 621 1843 est,
654 1767 697 1825 lV
728 1772 800 1847 105,
831 1775 846 1829 1
878 1772 941 1831 Pal.
973 1792 1028 1848 pro
1055 1774 1226 1851 προσχωροῖ
1251 1771 1351 1830 hebet

165 1867 343 1946 προχωροίη,
368 1869 447 1927 unde
470 1870 555 1943 patet
578 1867 763 1946 κροσχωροίη
786 1870 948 1946 legendum
972 1890 1053 1947 esse,
1076 1868 1164 1929 δοκοῖ
1182 1868 1214 1927 in
1237 1866 1348 1946 δοκοίη

165 1967 374 2042 corrigendum
402 1969 450 2026 est
477 1966 507 2024 II
535 1968 607 2041 100,
632 1968 660 2025 6.
688 1965 734 2024 ΙΙΙ
765 1969 815 2040 16,
845 1972 872 2026 1.
920 1969 1063 2046 Tragicos
1091 1969 1196 2041 poetas
1224 1970 1350 2026 constat

166 2064 277 2123 alteras
300 2064 412 2124 formas
437 2083 607 2141 quanquam
630 2065 728 2122 rarius
755 2064 910 2124 admisisse
938 2057 989 2145 (cf.
1013 2065 1120 2124 Aesch.
1144 2064 1242 2124 Prom.
1268 2065 1348 2123 978.

166 2164 222 2239 Ag.
248 2165 342 2222 1328.
370 2161 459 2237 Soph.
482 2160 529 2220 Ai.
555 2163 627 2219 314.
657 2158 715 2219 00.
739 2164 812 2221 405.
838 2165 911 2223 505.
938 2166 1031 2223 1769.
1062 2163 1133 2221 Ant.
1157 2163 1231 2220 552.
1265 2160 1349 2221 Phil.

166 2263 238 2320 671.
269 2263 341 2320 895.
373 2262 467 2318 1044.
501 2259 571 2317 Eur.
595 2260 737 2318 Androm.
763 2262 835 2319 679.
870 2260 934 2318 Hel.
966 2263 1037 2320 157.
1068 2259 1158 2334 Hipp.
1183 2261 1258 2317 336.
1292 2257 1348 2318 Or.

168 2350 278 2436 1517),
301 2358 409 2432 quibus
433 2357 537 2415 comici
560 2375 682 2430 prorsus
702 2358 920 2416 abstinuerunt.
958 2356 1002 2417 cf.
1022 2357 1137 2416 Weckl.
1157 2353 1225 2414 Cur.
1246 2356 1346 2432 epigr.

164 2474 191 2528 p.
217 2457 257 2513 33
286 2453 424 2513 Rutherf.
453 2454 491 2512 ad
514 2453 625 2529 Phryn.
653 2474 681 2528 p.
707 2455 770 2512 442
782 2474 845 2532 sqq.
892 2455 997 2530 Neque
1025 2455 1124 2512 minus
1152 2457 1267 2512 certum
1295 2459 1348 2515 est

165 2552 368 2628 optativerum
391 2552 423 2609 in
445 2573 484 2628 ην
507 2551 626 2609 dualem
650 2554 680 2610 et
702 2552 851 2627 pluralem
874 2571 893 2610 a
919 2552 1072 2611 veteribus
1097 2551 1206 2611 Atticis
1230 2550 1346 2626 ubique

164 2653 352 2709 contractum
370 2669 444 2709 esse.
475 2650 651 2708 Formarum
671 2650 749 2708 enim
769 2651 936 2709 solutarum
956 2652 1094 2726 exempla
1110 2649 1190 2724 apud
1208 2647 1346 2724 Aeschy-

164 2748 227 2805 lum
250 2751 282 2807 et
305 2748 479 2823 Sophoclem
503 2747 587 2806 nulla
611 2749 724 2807 tradita
748 2753 830 2825 sunt3
858 2749 889 2807 in
916 2768 975 2808 unc
999 2747 1233 2823 Aristophaneo,
1265 2746 1344 2807 Rau.

167 2845 261 2920 1448,
275 2848 397 2920 recepta
411 2845 472 2904 cod.
488 2844 558 2903 Ven.
575 2846 723 2921 scriptura
736 2840 863 2906 τούτοισι
877 2839 1070 2926 χρησαίμεσθ’
1088 2844 1159 2917 ἴσως
1173 2843 1344 2922 σωθείημεν

164 2936 202 3002 dv
235 2935 451 3023 (χρησαίμεσθα
484 2944 592 3003 omisso
625 2942 695 3016 ἴσως
727 2941 815 3023 Rau.)
848 2949 977 3004 metrum
1010 2948 1158 3021 σωθεῖμεν
1191 2942 1343 3020 postulat3

163 3041 223 3100 tria
245 3042 408 3117 Euripidea
431 3045 564 3100 correcta
587 3045 669 3118 sunt,
697 3042 765 3100 Hel.
790 3045 876 3103 1010
899 3036 1073 3121 αἰδικοίημεν
1096 3037 1135 3102 ι’ίν
1162 3062 1180 3100 a
1205 3041 1342 3100 Porsono

163 3141 195 3198 in
209 3133 347 3217 ἀδικοίην
360 3163 409 3199 νιν
422 3135 471 3216 dv,
491 3139 572 3216 Cycl.
590 3141 651 3199 143
672 3136 810 3222 δρηίημεν
826 3134 865 3200 ι’ίν
878 3141 909 3200 in
924 3140 1094 3224 ξονδρῷμεν
1108 3134 1147 3200 ίίν
1161 3158 1180 3198 a
1192 3138 1342 3216 Dawesio,

163 3237 225 3297 Ion.
246 3241 309 3298 943
330 3237 460 3316 φαίημεν
478 3231 517 3297 dv
534 3238 566 3296 in
585 3238 754 3316 ξυμφαῖμεν
772 3232 811 3297 dv
830 3257 848 3297 a
866 3240 1028 3317 Dindorfio,
1052 3242 1143 3314 atque
1166 3238 1197 3296 in
1220 3237 1341 3297 duobus

163 3337 322 3410 postremis
346 3337 488 3412 exemplis
512 3337 578 3411 ipsa
602 3338 750 3396 sententia
772 3339 936 3413 composita
955 3338 1100 3414 postulat.
1138 3335 1181 3395 01.
1201 3336 1342 3397 Rutherf.

163 3434 202 3491 ad
224 3433 334 3509 Phryn.
359 3455 387 3509 p.
412 3436 474 3493 451
487 3454 552 3510 sqq.
595 3433 760 3494 Verissime
782 3436 877 3510 Igitur
900 3436 1074 3496 Heraclides
1100 3433 1235 3494 Milesius
1258 3435 1343 3509 apud

163 3530 302 3590 ausuri.
324 3551 352 3605 p.
379 3534 474 3607 reor,
498 3532 538 3589 45
564 3517 687 3611 (fragm.
706 3534 747 3591 ιι
773 3533 852 3606 apuu
876 3531 968 3591 coen.
990 3534 1022 3590 a
1046 3531 1130 3591 stuc.
1153 3531 1285 3589 norom.
1311 3523 1342 3611 1)

161 3621 303 3707 ἡίιρχαία
318 3622 418 3700 ’Aedis
431 3623 465 3687 τδι
484 3621 601 3687 εὐκτικὰ
623 3622 778 3707 σογκόιιιει
796 3621 859 3687 κατ’
876 3626 1018 3708 ἐξαίρεσιν
1036 3632 1105 3706 μιᾶς
1124 3628 1341 3707 συλλαβῆς...

162 3730 362 3805 κοσμηθεῖμεν
383 3722 433 3785 καί
457 3725 658 3804 διακριθεῖμεν
680 3723 730 3785 καί
753 3718 833 3802 εἶμεν
856 3723 986 3806 λέγοντες
1008 3724 1058 3787 καί
1080 3721 1115 3786 ιδ
1137 3719 1250 3787 τούτων
1272 3721 1342 3786 δεύ-

161 3847 229 3904 τερα
251 3829 426 3903 κοσμηθεῖιε
448 3822 498 3884 καὶ
521 3823 698 3901 διακριθεῖιε
721 3820 771 3883 καὶ
793 3815 857 3884 εἴτε.
902 3825 1009 3900 Itaque
1037 3827 1116 3901 apud
1140 3826 1196 3884 Th.
1219 3817 1302 3902 εἶμεν
1327 3826 1342 3884 Ι

163 3926 213 3997 33,
239 3926 268 4000 3,
296 3915 354 3984 εἷεν
377 3923 392 3981 Ι
416 3926 444 3997 9,
469 3926 498 3982 4.
531 3922 561 3980 [Ι
587 3926 637 3997 72,
661 3926 689 3981 2.
720 3921 766 3981 III
791 3925 842 3997 22,
866 3925 895 3982 3.
927 3922 970 3982 IV
1000 3926 1050 3999 96,
1080 3926 1108 3999 3,
1139 3920 1342 4001 ἕκιιεμφθεῖεν

162 4022 176 4078 l
196 4024 248 4098 38,
269 4026 295 4096 1,
315 4024 453 4097 σφαλεῖεν
471 4021 502 4080 II
520 4023 571 4098 43,
593 4025 621 4098 1,
646 4024 804 4098 σφαλεῑμεν
823 4019 866 4077 VI
887 4023 936 4095 11,
952 4023 981 4096 4,
1001 4025 1152 4081 πεισθεῖεν
1169 4019 1215 4079 ΠΙ
1235 4023 1289 4100 42,
1310 4024 1340 4081 4.

163 4119 205 4176 VI
234 4120 285 4195 64,
315 4123 343 4192 1,
375 4118 537 4197 ξυμβαῖμεν
562 4119 607 4177 IV
632 4121 682 4196 61,
708 4123 736 4196 7,
770 4123 933 4196 γνωσθεῖσα
963 4116 1002 4177 VI
1027 4122 1078 4192 64,
1104 4124 1130 4192 1,
1164 4118 1342 4179 διασωθεῖτε

162 4216 220 4274 VII
245 4220 296 4292 78,
322 4219 348 4288 7,
373 4219 463 4290 φαῖεν
481 4215 557 4274 VIII
576 4217 627 4291 53,
646 4219 665 4275 3
690 4216 876 4277 restituenda
899 4220 976 4277 sunt.
1012 4217 1118 4292 Neque
1140 4216 1238 4293 magis
1262 4219 1340 4278 tole·

162 4315 272 4374 randae
296 4315 368 4373 sunt
390 4314 482 4372 tertia
505 4315 581 4390 sing.
605 4317 636 4372 et
657 4314 734 4390 plur.
758 4319 851 4391 optat.
874 4335 935 4375 aer.
958 4314 989 4372 in
1012 4331 1061 4373 σαι
1080 4317 1112 4373 et
1130 4330 1221 4373 σαιεν.
1257 4314 1342 4377 Nam

161 4411 191 4469 in
219 4407 362 4471 diverbiis
389 4413 547 4483 poetarum
574 4413 778 4471 scaenicorum
805 4413 952 4473 secundae
979 4413 1098 4470 tantum
1130 4429 1279 4486 personae
1309 4415 1344 4477 in

280 4634 323 4644 Δι-
