3022 4936
617 356 860 422 *-19'-

167 522 258 581 rebus
281 540 348 580 cum
370 523 536 582 rectissime
554 522 701 582 iudicaret
719 521 850 582 Cobetus
874 522 906 580 in
923 522 1066 581 Mnemos.
1086 523 1129 580 XI
1146 543 1174 597 p.
1194 524 1341 601 350sqq,

166 621 197 677 in
224 638 259 678 eo
285 624 388 679 tamen
415 623 527 681 erravit
555 622 633 697 quod
662 620 752 679 etlam
780 640 799 679 a
826 619 1013 680 διανοεῖσθαι
1040 621 1130 679 verbo
1160 621 1341 680 infinitivum

166 718 263 776 futuri
282 719 413 777 alienum
433 739 499 779 esse
518 720 657 795 opinatus
677 721 732 777 est.
769 718 851 776 Nanr
870 722 952 775 certa
975 717 1040 776 eins
1064 719 1200 793 exempla
1222 722 1341 777 exstant

166 835 185 874 a
208 815 320 874 Cobeto
344 837 467 891 prorsus
489 818 629 895 neglecta
651 817 683 874 in
704 816 813 891 quibus
837 816 874 874 de
898 815 1063 874 scribarum
1092 835 1192 875 errore
1218 817 1341 875 minime

167 914 293 987 cogItari
315 915 420 989 possit.
457 916 592 974 Primum
614 916 670 974 hoc
693 916 752 973 est:
776 913 820 970 IV
841 914 915 986 115,
939 915 957 970 2
982 915 1017 993 τῇ
1040 906 1068 971 δ’
1089 906 1226 997 ὑστεραίᾳ
1249 937 1341 994 μηχα-

166 1015 222 1089 νής
245 1009 404 1090 μελλούσης
426 1008 628 1091 προσάξεσθαι
651 1006 751 1081 αὐτοῖς
778 1004 838 1070 ἆπὸ
866 1013 925 1069 τῶν
953 1007 1110 1087 ἐναντίων,
1138 1005 1193 1087 ἀφ’
1218 1001 1255 1090 ής
1281 1017 1341 1090 πῦρ

166 1101 284 1186 ἐνήσειν
303 1109 473 1170 διενοοῦντο
492 1109 522 1182 ἐς
540 1105 574 1170 τδι
594 1104 698 1182 ξύλινα
715 1103 963 1187 παραφράγματα,
986 1155 992 1166 .
1013 1154 1020 1169 .
1039 1102 1155 1189 πύργον
1173 1106 1293 1182 ξύλινον
1313 1157 1340 1172 ..

166 1201 357 1284 ἀντέστησαν,
371 1210 463 1285 'quod
487 1210 577 1268 simul
600 1208 731 1268 ostendit
754 1226 813 1282 qua
836 1206 951 1265 ratione
974 1206 1112 1273 inductus
1137 1211 1264 1284 scriptor
1286 1211 1342 1268 hac

112 1346 114 1351 »
166 1309 328 1367 verborum
353 1312 506 1368 structura
528 1327 601 1367 usus
625 1309 671 1367 sit.
719 1305 841 1364 Etenim
866 1300 979 1382 μέλλειν
1002 1306 1088 1363 verbi
1112 1308 1261 1366 sententia
1285 1307 1339 1367 διε-

166 1407 292 1465 νοοῦντο
315 1407 485 1481 praeditum
510 1425 576 1466 esse
599 1407 697 1466 voluit
720 1407 762 1476 et,
791 1423 828 1462 ne
851 1402 927 1460 illud
950 1402 1126 1477 iteraretur,
1153 1406 1209 1464 hoe
1231 1406 1340 1481 posuit.

166 1503 300 1562 Eandem
324 1505 471 1563 rationem
493 1505 612 1563 lnloco
635 1504 806 1562 Herodoteo
830 1501 930 1559 valere
953 1501 1144 1576 perspicuum
1168 1506 1222 1562 est.
1262 1503 1341 1560 Nam

165 1598 225 1658 VII
260 1602 332 1660 206.
367 1605 429 1662 207
469 1598 588 1678 ἔμελλον
625 1594 798 1680 ὁρτάσαντες
833 1595 883 1656 καί
915 1592 1051 1674 φύλακας
1080 1593 1212 1671 λιπόντες
1244 1597 1276 1658 ἐν
1307 1604 1342 1682 τῇ

165 1691 288 1779 Σιιοίρτή
316 1692 389 1757 acri
416 1692 502 1777 τάχος
529 1693 694 1777 βοηθήσειν
720 1695 881 1771 πανδημεί·
911 1686 951 1766 tiis
980 1692 1012 1754 δὲ
1040 1693 1091 1756 καὶ
1114 1697 1144 1757 οἱ
1164 1695 1262 1758 λοιποί
1285 1702 1343 1758 τῶν

165 1791 325 1875 ξυμμάχων
357 1792 518 1857 ἕννένωντο
551 1795 602 1855 ιιαὶ
630 1791 713 1856 αὐτοὶ
741 1789 822 1870 ἕτερα
848 1788 1130 1872 τοιαῦταποιήσειν
1158 1842 1164 1856 .
1196 1843 1201 1854 .
1231 1843 1237 1855 .
1267 1791 1342 1857 οὕτω

88 1949 92 1955 .
165 1889 340 1952 διενένωντο
368 1887 503 1970 ποιήσειν
532 1894 626 1954 verba
653 1888 815 1951 ἐννίνωντο
843 1890 874 1947 et
902 1887 1073 1950 διενένωντο
1104 1895 1228 1951 eandem
1253 1899 1343 1969 atque

165 1987 284 2066 ἔμελλον
311 1991 372 2048 vim
400 1990 520 2048 habent.
566 1990 654 2048 Alter
682 1991 765 2047 locus
794 1985 1005 2061 Thucydideus
1039 1989 1087 2046 cni
1115 1990 1204 2049 fidem
1232 1992 1343 2050 habere

166 2106 286 2145 necesse
319 2088 359 2145 sit
386 2086 431 2143 IV
463 2090 535 2159 121,
566 2090 581 2144 1
616 2087 741 2163 legitur:
773 2076 825 2141 τόν
855 2103 883 2140 τε
910 2077 1038 2161 πόλεμον
1072 2085 1240 2148 διενοοῦντο
1274 2110 1343 2166 προ·

166 2177 274 2260 θύμως
297 2183 399 2243 οἴσειν.
435 2184 471 2242 In
491 2185 538 2243 his
557 2185 650 2260 igitur
669 2182 741 2241 locis
760 2199 828 2240 cum
846 2179 1039 2240 librariorum
1059 2204 1191 2244 errorem
1210 2189 1344 2244 statuere

166 2299 225 2338 non
248 2280 351 2354 liceat,
378 2301 417 2339 ne
439 2281 470 2338 in
493 2281 616 2357 reliquis
644 2280 764 2356 quidem
788 2276 846 2334 VII
872 2279 923 2352 56,
944 2284 991 2351 1.-
1010 2282 1085 2341 VIII
1109 2284 1161 2360 55,
1186 2287 1214 2342 2.
1250 2286 1299 2359 74,
1325 2287 1343 2342 3

165 2377 332 2438 infinitivus
356 2380 452 2438 futuri
476 2379 682 2439 sollicitandus
707 2382 761 2437 est.
800 2374 940 2434 Ceterum
960 2376 1066 2438 Cobeti
1090 2381 1198 2439 erroris
1222 2400 1343 2440 consors

166 2480 214 2534 est
228 2477 359 2535 Thomas
374 2476 519 2552 Magister
533 2498 561 2553 p.
579 2480 628 2552 67,
646 2479 696 2538 15.
727 2475 811 2545 Quod
826 2479 928 2534 autem
943 2475 1104 2537 Classenus
1120 2480 1152 2537 in
1166 2479 1232 2540 adn.
1248 2480 1287 2538 ad
1301 2480 1344 2538 VI

167 2577 225 2647 82
241 2573 313 2649 ipsis
324 2575 371 2633 his
387 2575 472 2635 verbi
486 2574 674 2635 διανοεῖσθαι
687 2594 755 2635 oum
771 2573 866 2632 futuri
879 2574 1026 2634 infinitivo
1041 2577 1190 2637 coniuncti
1200 2579 1343 2654 exemplis
1456 2639 1464 2656 ⁸

166 2671 301 2729 excusari
329 2675 418 2747 putat
445 2674 573 2732 eundem
600 2672 780 2731 infinitivum
807 2671 926 2729 volendi
949 2675 1041 2739 verba
1065 2674 1182 2733 δεῖσθαι
1205 2673 1344 2752 ἐφίεσθαι

165 2763 327 2845 βούλεσθαι
354 2769 472 2828 πείθειν
495 2774 685 2848 sequentem,
717 2769 903 2829 διανοεῖσθαι
925 2773 1045 2847 proprIe
1069 2774 1194 2832 verbum
1217 2774 1344 2848 putandi

166 2870 213 2924 est
236 2867 402 2942 cogitare
425 2868 530 2927 valens
553 2869 584 2927 et
606 2868 651 2927 ita
673 2868 712 2926 ad
735 2868 923 2928 voluntatem
942 2868 1126 2928 transfertur
1144 2876 1178 2930 ut
1196 2871 1343 2947 principa-

167 2963 226 3021 lem
250 2983 284 3022 ac
307 2965 476 3023 naturalem
500 2968 679 3024 sententiam
703 2966 921 3042 quodammodo
940 2967 1077 3027 retineat.
1114 2969 1215 3044 Atque
1239 2970 1343 3028 eadem

167 3062 214 3118 est
241 3060 382 3119 infinItivi
408 3062 505 3120 futuri
532 3082 600 3121 cum
629 3060 741 3139 μέλλειν
769 3066 862 3123 verbo
891 3064 1040 3123 coniuncti
1070 3066 1161 3141 ratio,
1193 3084 1260 3124 curn
1288 3067 1344 3125 hoc

166 3175 283 3231 quoque
306 3159 469 3216 secundum
494 3157 528 3218 G.
553 3158 649 3217 Curtii
672 3153 795 3235 Etym4
822 3179 851 3233 p.
876 3162 938 3217 332
963 3160 1084 3234 proprie
1108 3161 1259 3236 cogitandi
1282 3164 1343 3221 vim

167 3254 290 3328 habeat,
318 3273 394 3329 quae
423 3257 514 3313 etiam
541 3256 676 3330 perlucet
703 3255 777 3321 locis
806 3256 903 3330 qualis
932 3262 978 3314 est
1006 3255 1051 3315 VI
1080 3259 1131 3332 66,
1161 3261 1188 3316 1.
1239 3260 1343 3336 Neque

166 3350 256 3409 aliter
279 3352 470 3426 explicandus
494 3352 659 3412 infinitivus
682 3353 778 3410 futuri
801 3355 870 3427 post
893 3350 987 3430 ἐπεῖχε
1006 3353 1115 3413 Herod.
1135 3356 1149 3413 I
1170 3359 1221 3434 80,
1244 3355 1277 3416 ἕν
1300 3360 1343 3441 νῷ

166 3447 243 3526 ἔχειν
265 3449 376 3509 Herod.
399 3451 415 3509 I
439 3454 489 3511 10.
513 3453 565 3511 86.
592 3449 668 3507 VIII
695 3454 723 3510 7.
749 3452 777 3508 8.
805 3449 849 3507 IX
874 3452 925 3522 93,
954 3442 1121 3530 ὁμολογεῖν,
1150 3473 1217 3514 non
1240 3475 1343 3514 recu-

167 3565 259 3620 sare,
284 3549 362 3622 qnod
381 3549 501 3623 proprie
520 3550 645 3608 verbum
667 3548 784 3607 dicendi
808 3550 863 3616 est,
887 3548 966 3610 Plat.
985 3550 1066 3609 Prot
1087 3554 1150 3610 338
1161 3572 1187 3613 e.
1215 3552 1342 3615 Phaedr.

168 3645 231 3703 254
242 3644 271 3719 b,
295 3642 408 3720 δοκεῖν,
432 3645 468 3703 in
491 3647 608 3704 animo
632 3647 780 3718 habere,
803 3645 896 3706 Arist.
920 3647 993 3705 Ran.
1020 3651 1092 3725 188,
1116 3651 1242 3726 στεῦται,
1266 3653 1341 3711 ani·

166 3761 257 3799 mum
284 3742 438 3819 inducit,
466 3744 553 3802 Hom.
582 3743 617 3803 Il.
645 3743 692 3801 ΠΙ
722 3745 772 3802 83.
805 3743 911 3802 Aesoh.
940 3744 1022 3804 Pers,
1053 3748 1104 3821 49,
1133 3747 1181 3806 cui
1208 3747 1342 3807 innatam

167 3859 232 3897 esse
264 3840 404 3915 opInandi
436 3841 497 3900 vim
525 3840 611 3901 Hom.
640 3837 674 3899 Il.
704 3841 735 3899 H
765 3843 838 3900 597.
871 3841 924 3901 Od.
953 3841 1041 3899 XVII
1075 3844 1137 3901 525
1172 3844 1342 3904 ostendunt.

166 3937 221 3994 His
246 3938 347 3995 autem
371 3938 471 3997 verbis
495 3939 632 3997 omnibus
656 3939 843 4014 significatur
866 3939 945 4014 qnod
964 3940 1031 4015 qnis
1050 3942 1114 4015 ipse
1133 3941 1267 4000 facturus
1287 3946 1342 4018 est,

166 4053 225 4091 non
253 4033 332 4109 quod
360 4034 452 4091 alium
475 4037 542 4094 vult
569 4037 675 4095 facere.
721 4037 828 4112 Itaque
856 4037 925 4094 inde
952 4037 1031 4112 quod
1064 4056 1100 4094 ea
1127 4057 1194 4095 curn
1222 4039 1341 4098 volendi

167 4133 317 4190 sententia
344 4131 522 4191 infinitivum
552 4134 646 4192 futuri
676 4154 777 4193 secum
803 4134 916 4192 habent
942 4134 1018 4192 nihil
1047 4134 1174 4192 efficitur
1202 4137 1240 4194 ad
1264 4158 1341 4197 eom-

165 4229 352 4303 probandum
381 4230 508 4288 eundem
536 4231 621 4290 verbi
648 4231 765 4290 πείθειν
792 4250 880 4290 usum
908 4235 961 4290 aut
989 4250 1093 4289 eorum
1125 4233 1242 4292 volendi
1275 4257 1340 4296 ver·

165 4327 272 4385 borum
297 4328 405 4402 quibus
428 4328 554 4403 putandi
577 4329 625 4388 vel
649 4328 764 4389 dicendi
788 4330 833 4388 vis
857 4348 917 4387 non
939 4329 1030 4388 insita
1051 4333 1105 4388 est.
1143 4331 1222 4390 Nam
1245 4333 1275 4392 in
1299 4332 1341 4391 in-

115 4419 119 4425 ’
167 4424 284 4483 finitive
312 4427 407 4483 futuri
435 4427 513 4486 idern
544 4429 624 4488 valet
651 4429 729 4503 qnod
753 4427 784 4485 in
806 4427 954 4488 infinitivo
983 4447 1050 4487 curn
1077 4423 1115 4487 δία
1138 4431 1253 4489 iuncto:
1282 4451 1339 4488 non

1089 4528 1127 4580 2*
