3022 4936
654 334 873 398 ...15-

177 495 338 569 έλπίζοντές
361 519 429 558 ποτε
453 495 542 557 ναυσὶ
564 492 808 576 κρατηθήσεσθαι
832 493 889 560 oria
912 500 1032 579 ίσχνρον
1055 499 1203 580 ε’τείχιζον,
1231 499 1352 574 έκείνοις

175 615 205 652 τε
228 593 412 672 βιαζομένοις
434 589 488 673 τήν
507 589 655 673 ἀπόβασιν
674 588 822 674 άλάσιμον
840 590 871 658 τὸ
891 598 998 676 χωρίον
1016 598 1181 679 γίγνεσθαι,
1204 600 1248 657 IV
1269 602 1310 658 24
1331 602 1351 658 4
1421 631 1422 643 ³

176 691 202 751 εἰ
224 686 280 772 γάρ
303 688 476 771 κρατήσειαν
499 696 538 778 τῷ
561 697 704 778 ναυτικῷ,
730 687 762 754 τὸ
783 687 903 776 Ῥήγιον
924 691 1047 774 ήλπιζον
1071 745 1077 757 .
1103 744 1109 757 .
1133 744 1141 758 .
1164 696 1273 778 ῥᾳδίως
1295 719 1351 776 χει·

176 786 339 868 ρωσεσθαι,
371 789 420 850 καὶ
450 786 509 869 ήδη
538 795 624 868 σφῶν
651 786 756 872 ἰσχυρά
783 787 818 852 τδι
845 788 1000 874 πράγματα
1027 778 1196 874 γίγνέσθαι,
1229 796 1283 853 uhi
1314 796 1352 854 ad

175 889 300 947 verbum
331 888 486 969 γίγνεσθαι
519 910 554 949 ex
585 885 708 967 ήλπιζον
745 910 837 968 supra
874 893 985 968 scripto
1022 886 1157 968 ἐνόμιζον
1193 893 1351 969 cogitando

177 989 374 1066 supplendum
407 990 462 1048 est.
508 989 626 1048 Pariter
653 990 726 1049 Xen.
756 989 851 1048 Anah.
874 990 917 1048 VI
943 995 970 1066 1,
995 993 1037 1050 20
1065 990 1192 1066 νομίζων
1222 988 1272 1049 καὶ
1298 983 1352 1068 τήν

174 1080 262 1164 τιμήν
291 1086 376 1165 μείζω
406 1080 499 1158 οὕτως
527 1083 621 1170 ἑαυτῷ
647 1087 803 1167 γίγνεσθαι
830 1080 903 1165 πρὸς
930 1081 998 1159 τούς
1026 1086 1132 1163 φίλους
1159 1083 1209 1145 καὶ
1232 1087 1274 1159 εἰς
1296 1081 1351 1165 τήν

173 1178 261 1244 πόλιν
288 1180 418 1262 τοῦνομα
446 1185 544 1261 μεῖζον
573 1177 732 1262 ἀφίξεσθαι
762 1178 862 1247 αὑτοῦ.
909 1185 1053 1245 Omnibus
1082 1189 1183 1245 autern
1207 1187 1254 1244 his
1278 1186 1350 1245 locis

172 1282 292 1359 integra
316 1283 465 1342 sententia
487 1303 541 1359 pro
565 1285 717 1359 praesenti
740 1283 895 1362 γίγνεσθαι
917 1285 967 1345 vel
989 1283 1191 1344 καθίστασθαι
1214 1284 1350 1341 futurum

173 1377 294 1439 ἔσεσθαι
317 1382 451 1458 cogitare
474 1383 553 1442 licet.
595 1382 679 1441 Idem
703 1383 830 1458 denique
854 1401 925 1442 usus
949 1383 980 1440 in
1003 1382 1160 1459 participio
1183 1381 1350 1458 praesentis

173 1482 326 1554 comparet
343 1479 423 1556 apud
442 1479 552 1538 Herod.
572 1479 630 1537 VII
649 1483 678 1554 8,
700 1484 716 1538 1
742 1482 827 1541 τοῦτο
851 1475 1025 1558 ἐρράπιζον
1048 1474 1125 1552 ὅκως
1148 1474 1188 1558 μή
1211 1479 1350 1557 λείψομαι

171 1577 230 1634 τῶν
259 1571 400 1655 πρότερον
427 1575 595 1657 γενομένων
623 1575 656 1637 έν
684 1579 752 1659 τιμή
780 1577 851 1659 τήδε
883 1574 957 1655 μηδὲ
990 1571 1101 1637 ἐλάσσω
1133 1571 1350 1655 προσκτήσομαι

171 1668 300 1752 δύναμιν
328 1672 469 1759 Πέρσῃσι·
499 1676 663 1754 φροντίζων
687 1671 719 1735 δέ
743 1668 867 1753 εὑρίσκω
891 1669 952 1753 άμα
975 1671 1029 1753 μέν
1051 1674 1142 1746 κῦδος
1164 1667 1236 1752 ἡμῖν
1259 1691 1347 1752 προσ-

169 1766 327 1852 γινόμενον
352 1819 358 1833 .
383 1821 390 1834 .
416 1822 422 1836 .
456 1768 518 1852 άμα
550 1769 583 1833 δέ
615 1773 756 1852 τιμωρίην
788 1796 817 1834 τε
849 1773 899 1835 καὶ
931 1774 1005 1834 τ’ίσιν
1037 1770 1206 1854 γινομένην.
1257 1772 1350 1832 Cuius

171 1872 318 1930 rationem
347 1892 406 1932 non
435 1873 623 1948 perspexisse
647 1872 827 1947 Dionysium
850 1874 917 1932 Hal.
941 1875 1076 1949 apparet,
1099 1891 1167 1930 cum
1191 1871 1282 1930 Thuc.
1306 1871 1350 1927 IV

174 1971 223 2044 10,
248 1972 267 2026 3
292 1971 487 2045 vituperaret,
512 1970 592 2046 quod
616 1988 757 2045 praesens
781 1971 907 2049 γίγνεται
932 1972 970 2028 ad
991 1971 1126 2028 futurum
1146 1967 1225 2028 έσται
1243 1990 1350 2044 parum

170 2068 276 2139 aptum
303 2071 391 2126 esset.
437 2067 542 2142 Neque
569 2066 665 2141 magis
694 2061 774 2123 idern
802 2068 857 2125 hoc
887 2067 1004 2125 dicendi
1031 2084 1127 2141 genus
1156 2067 1243 2141 quale
1270 2071 1351 2126 esset

169 2162 334 2241 intellexit,
368 2184 435 2224 cum
467 2185 495 2239 p.
525 2164 586 2222 801
619 2161 824 2238 Thucydidem
859 2164 918 2223 alio
951 2182 1068 2240 quoque
1102 2162 1165 2221 loco
1197 2165 1349 2238 praesenti

170 2262 306 2337 tempore
330 2263 409 2322 male
431 2281 519 2320 usum
544 2279 610 2320 esse
634 2259 762 2319 doceret.
798 2261 842 2320 De
865 2261 966 2322 verbis
990 2261 1069 2319 enim
1090 2260 1121 2318 ΙΙ
1141 2262 1192 2337 39,
1212 2262 1232 2318 4
1255 2260 1348 2321 καίτοι

170 2357 197 2417 εί
218 2358 353 2443 ῥαθυμίᾳ
377 2363 488 2438 μᾶλλον
508 2407 513 2418 .
534 2404 542 2419 .
562 2403 570 2416 .
592 2354 734 2435 ἐθέλομεν
755 2351 952 2435 κινδυνεύειν,
976 2358 1169 2437 περιγίγνεται
1192 2350 1265 2435 ήμῖν
1287 2364 1348 2431 τοῖς

169 2477 198 2514 τε
222 2454 376 2534 μέλλουσιν
399 2451 545 2538 ἀλγεινοῖς
568 2449 607 2534 μή
631 2449 814 2534 προκάμνειν
836 2479 862 2516 κ.
885 2479 910 2518 τ.
932 2461 955 2516 λ.
980 2459 1053 2516 haec
1076 2458 1189 2516 monet:
1215 2454 1348 2517 ἐνταῦθα

169 2549 225 2634 γάρ
249 2550 279 2615 τὸ
303 2552 357 2634 μέν
380 2547 553 2633 έθέλομενῙ)
581 2553 662 2633 ῥήμα
689 2557 742 2613 τοῦ
770 2546 923 2630 μέλλοντός
951 2551 1010 2615 έστι
1038 2549 1146 2633 χρόνου
1175 2551 1347 2631 δηλωτικόν,

168 2643 201 2711 τδ
227 2648 259 2712 δέ
282 2653 476 2734 περιγίγνεται
499 2645 551 2713 τοῦ
574 2645 731 2730 παρόντος
759 2646 933 2713 άκόλουθον
956 2646 985 2711 δ’
1010 2645 1050 2711 άυ
1072 2640 1126 2730 ἦν,
1150 2651 1176 2711 εἰ
1197 2650 1348 2725 συνέζευξε

168 2753 207 2834 τῷ
232 2748 373 2829 ἐθέλομεν
396 2746 428 2812 τὸ
451 2747 604 2829 περιέσται.
642 2749 756 2819 Quibus
781 2751 851 2825 quid
874 2752 1004 2812 voluerit
1023 2752 1099 2809 satis
1119 2750 1149 2808 in
1167 2755 1272 2827 aperto
1292 2755 1348 2813 est.

168 2850 288 2908 Etenim
314 2843 345 2909 τὸ
373 2843 574 2924 κινδυνεύειν,
605 2847 684 2922 quod
712 2848 744 2905 in
771 2850 926 2908 voluntate
955 2853 1075 2909 tantum
1104 2852 1196 2926 esset,
1228 2869 1287 2907 non
1316 2851 1346 2907 in

167 2967 269 3006 rerum
288 2949 424 3024 veritate,
448 2948 544 3007 futuri
562 2946 705 3022 temporis
726 2965 792 3005 esse
811 2949 930 3022 putavit
953 2951 1043 3024 atque
1066 2948 1097 3005 in
1120 2948 1243 3023 epodosi
1266 2947 1346 3005 futu·
1466 2970 1468 2972 ·

167 3064 235 3102 rum
258 3050 327 3120 pest
349 3044 375 3105 εἰ
397 3042 539 3122 ἐθέλομεν
562 3038 748 3103 κινδυνεύειν
771 3063 829 3103 non
854 3047 951 3104 minus
976 3045 1121 3103 sermonis
1150 3045 1345 3120 congruentia

166 3144 313 3218 postulari
342 3164 431 3219 quarn
459 3145 485 3202 si
511 3136 551 3219 ἢν
577 3135 798 3218 κινδυνεύωμεν
826 3144 970 3218 scriptum
1002 3146 1090 3202 esset.
1140 3141 1245 3217 Neque
1280 3143 1343 3200 sine

168 3241 248 3298 omni
276 3260 367 3300 causa
395 3242 450 3300 hoc
478 3261 545 3299 eum
575 3241 716 3298 statuisse
744 3241 907 3298 ostendunt
935 3240 1024 3314 Soph.
1051 3239 1121 3297 Ant.
1148 3241 1232 3297 1039
1257 3230 1343 3320 τάφῳ

168 3331 196 3396 δ’
222 3335 336 3398 ἐκεῖνον
361 3332 427 3417 οὐχὶ
450 3331 586 3416 κρύψετε,
610 3369 651 3376 -
676 3329 743 3396 οὐδ’
770 3336 797 3396 εἰ
818 3330 939 3397 θέλουσ’
966 3338 996 3398 οί
1016 3330 1114 3414 Ζηνὸς
1137 3333 1227 3396 αἰετοὶ
1249 3330 1344 3415 βοράν

171 3468 207 3477 -
230 3433 331 3515 φέρειν
350 3459 398 3496 νιν
416 3429 594 3515 ἁρπάζοντες
613 3432 643 3506 ές
662 3428 735 3506 Διὸς
758 3427 903 3513 θρόνους,
927 3436 1004 3494 Plat.
1023 3436 1104 3494 Prot.
1125 3437 1217 3494 3242,
1240 3435 1267 3493 εἰ
1288 3429 1344 3514 γάρ

167 3530 280 3606 ἐθέλεις
302 3532 469 3613 lucerinus.
490 3580 496 3593 .
517 3577 538 3610 .,
562 3526 633 3593 adid
656 3551 687 3593 σε
711 3527 832 3610 διδάξει,
857 3535 951 3594 342d
975 3533 1002 3594 εἰ
1022 3526 1078 3613 γάρ
1102 3530 1198 3592 ἐθέλει
1220 3556 1315 3606 τις..
1337 3579 1343 3592 .

166 3629 376 3710 συγγενέσθαι,
405 3677 411 3691 .
435 3625 621 3710 ..εὑρήσει
668 3632 779 3691 Veram
811 3636 910 3691 tamen
943 3630 1125 3710 Thucydidis
1161 3632 1340 3691 sententiam

166 3746 224 3785 non
249 3730 336 3805 plane
360 3731 521 3807 perspexit,
546 3749 622 3805 quae
646 3731 719 3788 haec
742 3735 801 3790 est:
826 3725 872 3790 ‘eo
896 3731 977 3807 quod
1000 3724 1052 3812 (cf.
1071 3730 1119 3788 ΠΙ
1140 3734 1167 3807 9,
1188 3733 1217 3790 2.
1242 3733 1293 3808 32,
1313 3733 1342 3791 2.

167 3828 218 3900 43,
239 3829 267 3886 5.
296 3827 474 3903 V1134,7.
502 3820 608 3907 67,1)
633 3829 711 3886 laeto
735 3829 834 3888 animo
857 3829 999 3905 propensi
1022 3847 1124 3888 sumus
1148 3823 1185 3885 ad
1209 3828 1342 3902 pericula

167 3926 323 3985 subeunda
346 3926 495 4002 contingit
517 3926 604 3984 nobis
627 3928 662 3983 ut
685 3926 794 3985 futuris
819 3927 1053 3999 calamitatibus,
1082 3928 1242 4000 antequam
1269 3926 1341 3984 aoei-

240 4115 265 4181 1)
289 4112 353 4167 Non
376 4113 537 4168 dubitamus
561 4113 628 4180 quin
650 4113 711 4181 ipse
731 4113 881 4182 Dionysius
901 4131 996 4168 veram
1015 4112 1180 4181 scripturam
1201 4108 1339 4183 ἐθέλομεν

165 4192 195 4246 in
219 4209 269 4246 suo
292 4192 364 4247 libro
388 4193 519 4248 habuerit
543 4194 573 4245 et
592 4189 742 4261 ἐθέλοιμεν
760 4194 878 4260 utroque
897 4194 959 4247 loco
984 4195 1059 4260 (nam
1078 4192 1152 4245 infra
1170 4208 1280 4260 quoque
1300 4194 1339 4247 sic

165 4272 281 4342 legitur)
299 4273 410 4327 illatum
424 4275 461 4328 sit
474 4292 491 4328 a
504 4272 628 4327 librariis
642 4273 809 4341 Byzantinis,
829 4274 876 4340 qui
890 4272 1071 4341 Thucydiden
1085 4272 1159 4340 apud
1174 4271 1338 4340 Dionysium

164 4371 254 4424 prope
277 4354 371 4408 omnia
393 4372 427 4408 ex
450 4354 611 4423 depravatis
630 4351 802 4422 Thucydidis
825 4350 969 4406 codicibus
993 4350 1093 4419 quibus
1114 4350 1168 4420 ipsi
1188 4353 1339 4407 utebantur

165 4439 351 4489 correxerunt.
