3022 4936
644 336 860 398 ,26-

164 503 341 579 graphicum
370 521 462 577 supra
492 503 627 560 allatum.
679 501 869 576 Thucydides
901 516 1002 560 autem
1034 502 1110 563 adeo
1140 524 1201 564 non
1233 507 1345 567 vitavit

165 601 385 660 coniunctivum
413 606 483 674 post
510 593 591 670 ὅπως
617 600 649 656 in
677 600 840 658 enuntiatis
868 603 988 677 proprie
1016 601 1171 677 finalibus,
1202 605 1222 664 i.
1251 623 1278 664 e.
1305 606 1344 665 iis

164 717 241 774 quae
268 718 329 758 non
355 717 376 756 a
402 698 494 756 verbo
521 697 646 755 curandi
674 699 721 755 rel
751 700 926 772 providendi
952 699 1097 776 pendent,
1124 706 1159 760 ut
1186 703 1286 763 futuri
1312 705 1345 763 in

164 797 276 856 talibus
303 797 420 855 nullum
448 797 529 871 apud
557 816 625 854 eum
654 802 751 856 exstet
784 799 952 872 exemplum
984 799 1064 873 quod
1095 800 1222 874 quidem
1255 802 1344 862 libris

164 896 418 956 consentientibus
438 894 584 952 traditum
604 896 652 953 sit.
688 896 767 952 Nam
786 894 844 952 ΥΠ
863 898 915 971 32,
936 900 952 954 1
977 895 1086 968 Νικίας
1108 892 1344 977 προπυθόμενος

163 992 269 1071 πέμπει
303 992 333 1065 ἒς
363 995 423 1052 τῶν
450 994 583 1050 Σικελῶν
614 986 683 1064 τοὺς
714 987 770 1070 τὴν
802 992 905 1052 δίοδον
932 991 1052 1071 ἔχοντας
1075 1040 1083 1053 .
1104 1041 1113 1054 .
1136 1037 1160 1069 .,
1189 991 1275 1068 ’ὅπως
1303 992 1343 1075 μὴ

164 1087 350 1169 δινφρήσωσι
368 1085 439 1161 τοὺς
457 1090 625 1167 πολεμίους,
643 1085 717 1151 ἀλλὰ
736 1087 947 1166 ξυστραφέντες
968 1078 1122 1151 nutriemur
1144 1092 1280 1153 διελθεῖν
1293 1097 1343 1171 M,

164 1193 214 1268 qui
247 1193 341 1250 sotus.
362 1208 464 1249 veram
496 1190 676 1265 scripturam
712 1189 858 1262 serravit,
893 1189 1115 1250 coniunctivum
1151 1187 1343 1270 διοφρήσοισι

164 1291 255 1348 habet
287 1282 411 1363 (reliqui
438 1280 619 1363 ὅινφήσουσι
647 1292 768 1363 praeter
795 1281 947 1364 turicensi
975 1288 1027 1348 Ar.
1056 1289 1124 1347 Chr.
1151 1282 1219 1370 R),
1252 1311 1343 1367 quem

164 1408 268 1446 verum
288 1407 354 1446 esse
372 1405 408 1444 eo
427 1386 620 1444 confirmatur
638 1387 718 1461 quod
739 1388 769 1444 in
792 1387 888 1444 altero
911 1387 1060 1446 enuntiati
1082 1387 1182 1446 finalis
1204 1390 1342 1450 membro

163 1480 316 1544 κωλύσωσι
338 1485 445 1560 optimi
468 1485 538 1542 libri
560 1485 598 1543 It.
624 1484 690 1545 l'at.
713 1484 802 1543 Leur.
825 1484 905 1560 Aug.
929 1486 969 1543 ll.
991 1505 1030 1545 ni
1054 1487 1185 1544 tuentur.
1221 1485 1343 1546 Pariter

163 1584 220 1641 l'll
245 1587 297 1656 39,
322 1587 340 1641 2
368 1576 498 1641 κελεύειν
524 1576 569 1641 ὅτι
596 1576 714 1659 τάχιστα
740 1576 795 1658 τὴν
822 1576 936 1661 ἀγορὰν
958 1577 1192 1661 μεταστήσαντος
1214 1581 1265 1643 ε’πὶ
1288 1578 1342 1662 τὴν

163 1676 319 1740 θάλασσαν
336 1679 455 1757 κομίσαι
475 1721 538 1752 ..4
557 1674 639 1750 ὅπως
658 1724 709 1741 ...
728 1673 1010 1757 ἆρισιοποιήσωνῐαι
1032 1679 1081 1740 uui
1101 1675 1142 1740 δι’
1162 1675 1269 1762 ὀλίγον
1289 1726 1340 1743 ...

163 1778 328 1857 ἐπιχειρῶσι
350 1779 569 1838 coniunctivum
590 1771 873 1856 ἆριστοποιήσωνιαι
896 1779 965 1838 vat.
989 1781 1053 1839 Pal.
1076 1781 1165 1838 Laur.
1191 1802 1233 1841 m.
1256 1801 1341 1858 pree-

163 1879 236 1937 hent
257 1879 296 1936 ad
318 1874 484 1955 ἐπιχειρῶσι
507 1877 786 1938 convenientiorem.
833 1877 870 1936 In
892 1879 939 1936 his
962 1879 1057 1955 igitur
1080 1880 1246 1938 enuntiatis
1269 1881 1342 1939 fine·

163 1977 241 2035 libus
268 1995 337 2035 cum
364 1976 569 2035 coniunctivus
599 1976 708 2052 ubique
737 1977 946 2035 rescribendus
974 1977 1028 2054 sit,
1055 1978 1087 2035 in
1113 1977 1241 2053 reliquis
1265 1980 1341 2054 opti-

162 2096 278 2134 morum
307 2075 459 2150 sequenda
486 2078 533 2132 est
559 2074 705 2132 librorum
732 2074 905 2133 auotoritas.
956 2076 999 2134 th
1031 2079 1132 2133 autern
1159 2068 1244 2147 ὅπως
1273 2097 1340 2136 eum

161 2173 241 2232 nudo
261 2173 449 2232 coniunctivo
468 2173 596 2248 iungens
615 2173 708 2230 sicin
726 2172 884 2230 sententiis
899 2173 1018 2247 proprie
1032 2173 1173 2232 finalibus
1191 2175 1340 2249 futurum,

162 2273 240 2346 quod
260 2272 289 2329 in
309 2272 416 2330 iisdem
435 2271 514 2345 apud
534 2271 664 2346 tragicos
684 2272 871 2329 rarissimum
890 2274 945 2343 est,
968 2272 1127 2330 excludens
1146 2272 1339 2349 Thucydides

162 2372 289 2429 maxime
311 2371 350 2428 ad
373 2369 555 2444 tragicorum
580 2389 668 2428 usum
691 2388 723 2428 se
746 2371 921 2446 applicavit,
949 2370 1001 2429 sed
1030 2371 1074 2429 ita
1096 2371 1186 2430 utin
1210 2375 1338 2450 utroquo

162 2487 271 2544 genere
295 2468 387 2526 etiam
411 2468 592 2526 severiorem
615 2486 646 2525 se
670 2469 864 2542 praestiterit.

251 2562 325 2622 Cum
349 2564 444 2639 igitur
467 2563 497 2620 in
522 2564 702 2623 coniunctivi
726 2565 823 2623 finalis
848 2585 903 2623 usu
933 2584 1073 2641 magnam
1096 2565 1289 2642 Thucydidei
1310 2573 1340 2629 et

161 2663 269 2738 tragici
297 2662 442 2721 sermonis
470 2660 649 2720 affinitatem
676 2663 892 2739 invenerimus,
920 2665 1012 2722 etiam
1039 2664 1164 2740 reliquis
1187 2665 1265 2726 locis
1288 2669 1338 2726 ubi

162 2765 267 2819 contra
289 2779 475 2818 communem
498 2759 669 2817 Atticorum
692 2761 808 2820 dicendi
830 2762 1076 2821 consuetudinem
1097 2754 1137 2819 riv
1160 2782 1180 2820 a
1202 2764 1338 2824 coniunc-

162 2859 223 2917 tivo
252 2858 339 2915 abest
366 2877 402 2916 ex
429 2857 610 2931 tragicorum
638 2859 765 2917 dictione
790 2859 909 2918 videtur
932 2859 1151 2919 decernendum
1174 2879 1243 2921 esse
1267 2883 1338 2922 num

161 2956 306 3013 librorum
333 2954 476 3012 memoria
504 2957 652 3013 servande
679 2956 727 3014 sit.
777 2957 842 3014 lem
870 2979 941 3018 vero
969 2978 1037 3018 eum
1064 2957 1230 3018 identidem
1260 2963 1338 3037 apud

161 3053 366 3129 Thucydidem
393 3049 475 3131 μέχρι
503 3041 540 3113 οὗ
568 3072 636 3112 cum
663 3054 742 3112 nudo
772 3056 960 3117 coniunctivo
992 3060 1112 3132 legatur
1144 3052 1206 3136 (III
1232 3061 1287 3133 28,
1311 3063 1337 3118 2.

160 3151 204 3210 IV
231 3154 279 3227 16,
305 3155 332 3210 2.
354 3153 419 3231 041,
443 3155 471 3210 1.
505 3153 556 3224 46,
581 3143 616 3230 3)
646 3154 677 3209 et
703 3153 808 3212 eodem
835 3155 923 3213 modo
951 3152 1032 3233 μέχρι
1059 3155 1074 3213 Ι
1105 3157 1177 3227 137,
1208 3159 1227 3214 2
1257 3153 1338 3236 μέχρι

160 3253 252 3322 πλοῦς
279 3246 412 3329 γένηται,
440 3270 499 3310 non
528 3250 632 3309 dubito
661 3251 734 3326 quin
761 3252 816 3311 hoe
844 3255 882 3312 ab
910 3255 975 3329 ipso
999 3255 1144 3328 scriptore
1167 3256 1338 3329 profectum

161 3349 215 3423 sit,
242 3368 308 3407 cum
333 3349 422 3425 Soph.
447 3350 523 3408 Phil.
550 3352 622 3409 764.
652 3351 756 3409 Trach.
783 3353 855 3408 148.
882 3352 931 3410 lli.
956 3354 1018 3411 555
1047 3354 1121 3412 item
1144 3349 1199 3425 ἕως
1222 3356 1339 3415 nudum

161 3445 381 3505 coniunctivum
409 3466 509 3505 secum
535 3449 657 3521 haheat,
687 3466 783 3522 neque
806 3449 954 3506 assentior
977 3448 1011 3508 L.
1033 3449 1203 3525 Dindorfio,
1230 3433 1339 3528 quiin

162 3543 255 3619 praef.
283 3544 320 3600 ad
342 3544 430 3602 Diod.
453 3543 468 3600 I
497 3566 524 3618 p.
548 3545 662 3603 XXVII
690 3550 812 3604 auctore
836 3546 1015 3606 Schneidero
1044 3547 1083 3605 ad
1105 3547 1234 3609 Aristot.
1258 3552 1338 3612 Hist

162 3661 208 3699 an.
238 3642 292 3700 vol.
322 3641 365 3698 IV
393 3664 421 3717 p.
453 3645 514 3700 169
543 3638 624 3720 μέχρι
651 3637 727 3700 dul
760 3647 830 3717 137,
860 3649 877 3702 2
911 3646 1128 3704 restituendum
1157 3665 1224 3706 esse
1253 3650 1339 3711 dixit

74 3734 80 3744 '
162 3737 273 3798 Eodem
298 3740 385 3798 modo
408 3739 479 3818 πρίν
502 3760 569 3798 eum
592 3741 672 3799 nudo
696 3743 896 3816 coniunctim,
920 3744 1000 3819 quod
1024 3743 1066 3800 Vl
1094 3745 1143 3821 10,
1166 3746 1195 3803 5.
1230 3749 1287 3824 29,
1311 3753 1339 3808 2.

163 3840 213 3914 38,
239 3841 266 3896 2.
299 3838 373 3896 VIII
398 3841 427 3912 9,
453 3843 478 3897 1.
504 3843 522 3897 3
547 3839 671 3914 legitru,
699 3843 823 3898 tuentur
846 3839 935 3915 Soph.
960 3841 1036 3900 Phil.
1063 3845 1134 3901 917.
1163 3840 1237 3905 Ant.
1265 3849 1339 3907 619.

162 3937 268 3994 Trach.
288 3938 361 3997 608.
384 3936 619 3997 11742965.
644 3939 715 3997 Eur.
734 3936 783 3997 Or.
806 3942 900 3998 1218.
933 3939 1037 4014 Neque
1055 3939 1153 4015 magis
1177 3947 1339 4018 suspectus

160 4034 257 4092 videri
287 4033 377 4092 debet
408 4033 487 4092 idem
519 4035 624 4094 modus
654 4040 723 4111 post
755 4055 918 4111 pronomen
950 4037 1110 4096 relativum
1142 4037 1186 4095 IV
1222 4042 1277 4118 17,
1311 4045 1339 4101 2.

165 4135 213 4205 18,
243 4133 272 4206 4,
304 4150 393 4207 quem
427 4132 554 4191 eundem
587 4135 680 4192 hahes
712 4134 743 4192 in
776 4133 881 4193 Aesch.
911 4135 996 4194 Eum.
1026 4139 1099 4196 211.
1132 4136 1243 4212 fragm
1275 4142 1353 4215 239Ι

162 4220 277 4306 (trinu.)
308 4227 396 4302 Soph.
421 4227 481 4288 Olt.
507 4233 599 4289 1231.
634 4232 738 4290 Trech.
764 4235 836 4292 251.
869 4234 977 4310 fragm.
1004 4237 1080 4310 7213
1109 4236 1140 4292 et
1167 4237 1252 4312 quod
1281 4259 1340 4299 uno

161 4326 239 4401 loco,
264 4326 317 4401 qui
339 4327 386 4382 est
410 4326 452 4383 Vl
477 4331 527 4403 21,
555 4333 569 4386 1
596 4328 622 4388 εἰ
644 4328 795 4406 ξυστῶσιν,
819 4333 1022 4391 consentiente
1044 4333 1190 4391 librorum
1214 4340 1340 4411 praeter

161 4441 270 4500 paucos
295 4421 470 4482 deterrimos
494 4427 638 4485 memoria
661 4425 688 4485 εἰ
709 4446 775 4485 eum
799 4429 877 4487 nudo
901 4430 1088 4496 coniunctivo
1112 4431 1235 4508 legitur,
1260 4435 1340 4512 quod

281 4584 405 4646 Α
