3022 4936
654 325 887 389 -23-·

173 495 263 553 tertio
291 493 350 552 VH
380 495 432 570 67,
460 495 480 550 4
509 484 548 563 ὡς
576 493 635 551 τῶν
662 512 694 571 γε
721 484 876 570 παρόντων
904 484 959 550 οὐκ
988 484 1027 551 dv
1058 486 1217 571 πράξοντες
1249 499 1346 573 χεῖρον

172 593 244 650 boni
267 592 337 650 libri
361 592 506 655 aoristum
529 590 700 666 praebeant.
737 589 899 648 Herbstius
923 589 969 648 his
988 589 1061 648 Iocis
1080 590 1285 667 Thucydidem
1309 592 1345 650 de

172 693 255 750 statu
283 691 411 766 quodam
438 690 487 749 vel
514 689 629 748 actione
656 687 844 765 permanenti
869 688 1015 763 cogitasse
1039 687 1142 748 voluit.
1189 687 1248 747 Sed
1269 690 1346 748 nihil

171 791 297 867 impedit
319 790 392 867 quin
420 788 586 862 111167,4
609 790 778 848 vertamus:
802 779 893 861 ‘quod
916 787 1011 844 maior
1034 805 1124 865 quam
1144 786 1176 844 in
1193 790 1345 862 praesenti

171 886 545 963 0010011001100010000
571 905 632 945 non
658 878 781 963 posset',
809 884 838 941 V
863 885 912 957 15,
938 887 970 942 2;
999 877 1130 960 ‘cognito
1159 885 1219 943 iam
1246 887 1344 962 magis

172 1005 222 1045 eos
250 985 419 1061 propositas
448 983 634 1042 condiciones
664 986 838 1060 accepturos
866 975 943 1042 esse'
972 973 1023 1063 (cf.
1046 982 1156 1042 Herod.
1180 981 1227 1040 III
1256 978 1344 1062 128),

171 1083 214 1141 Vl
241 1087 291 1158 20,
316 1087 348 1142 2:
378 1077 440 1142 ‘eos
467 1101 522 1157 pro
550 1081 692 1141 libertate
720 1085 856 1142 nostrum
882 1079 1042 1167 imperium
1068 1080 1263 1155 probabiliter
1285 1101 1344 1141 non

172 1182 323 1242 subituros
343 1174 429 1241 esse'.
466 1179 507 1239 Et
525 1181 596 1256 quid
615 1180 743 1240 efficitur
760 1181 815 1239 illa
833 1179 1038 1256 explicatione,
1056 1197 1124 1238 cum
1142 1197 1179 1238 ne
1199 1180 1344 1255 scriptum

171 1280 291 1357 quidem
318 1280 363 1338 ita
390 1297 456 1338 esse
483 1279 558 1343 satis
587 1279 723 1355 constet?
770 1278 858 1337 Patet
886 1295 975 1352 quam
1000 1275 1112 1334 nullius
1136 1278 1280 1335 momenti
1305 1279 1344 1337 sit

171 1397 279 1454 anceps
293 1380 469 1454 plerumque
484 1378 631 1437 librorum
650 1379 801 1453 scriptura
820 1377 850 1434 et
869 1375 991 1449 propter
1008 1374 1191 1448 paucitatem
1209 1376 1342 1434 locorum

170 1495 365 1552 errorumque
375 1465 550 1535 facilitatem
560 1494 683 1550 prorsus
698 1475 797 1534 dubia
817 1473 967 1532 Numerus
982 1472 1061 1530 enim
1074 1473 1202 1533 maxime
1217 1473 1342 1547 exiguus

170 1576 218 1634 est
230 1594 284 1649 pro
303 1574 496 1633 multitudine
517 1592 620 1633 eorum
635 1575 767 1634 Iocorum
786 1571 837 1647 qui
852 1570 931 1646 apud
942 1570 1079 1628 futurum
1094 1564 1132 1629 άν
1150 1589 1209 1629 000
1223 1572 1343 1651 habent,

168 1691 263 1748 neque
295 1672 446 1732 invenitur
477 1672 530 1731 ubi
561 1666 600 1731 άν
632 1672 767 1731 additum
800 1670 840 1730 sit
872 1669 930 1728 nisi
961 1669 1065 1728 formis
1097 1669 1136 1727 ad
1167 1670 1343 1730 mutandum

168 1769 331 1843 facillimis,
362 1788 532 1844 quanquam
560 1770 637 1829 alius
666 1789 781 1846 quoque
810 1767 929 1844 generis
959 1766 1033 1825 satis
1060 1767 1174 1825 multae
1201 1767 1343 1843 leguntur

167 1867 194 1942 (Ι
219 1870 271 1943 33,
295 1871 323 1926 3.
353 1870 405 1943 39,
425 1870 459 1926 2.
482 1869 532 1939 44,
554 1870 582 1926 2.
612 1869 663 1941 70,
683 1871 711 1928 3.
739 1868 889 1943 1113,1.
919 1868 969 1941 20,
989 1866 1018 1922 4.
1046 1866 1098 1938 40,
1117 1867 1146 1923 4.
1175 1865 1221 1923 ΙΙΙ
1242 1869 1293 1942 13,
1313 1867 1341 1926 5.

169 1969 220 2037 39,
246 1966 275 2024 3.
305 1966 356 2036 46,
382 1967 410 2022 2.
443 1966 545 2038 67,1,
579 1965 649 2036 115,
675 1967 703 2022 4.
736 1964 779 2022 IV
804 1965 855 2035 55,
879 1954 907 2020 4.
942 1963 993 2037 63,
1018 1964 1045 2020 2.
1077 1964 1128 2034 67,
1153 1964 1181 2020 3.
1215 1965 1288 2040 114,
1313 1967 1341 2022 3.

168 2063 195 2118 V
221 2063 272 2136 50,
296 2063 325 2120 4.
360 2061 432 2137 105,
463 2063 489 2119 1.
527 2061 570 2119 Vl
594 2064 645 2138 92,
671 2066 699 2121 l.
733 2065 805 2138 102,
830 2063 858 2120 2.
895 2059 955 2116 Vll
981 2060 1032 2135 77,
1056 2062 1083 2117 7.
1121 2059 1197 2117 VIII
1221 2061 1272 2136 54,
1297 2052 1341 2140 2).

167 2159 235 2217 Non
262 2159 358 2234 magis
386 2161 487 2217 autem
515 2140 607 2234 quani
633 2160 713 2235 apud
736 2157 941 2234 Thucydidem
967 2159 1046 2232 apud
1070 2157 1200 2234 reliquos
1223 2158 1340 2219 Atticos

168 2257 329 2332 scriptores
348 2249 387 2315 άν
405 2256 485 2332 apud
504 2258 642 2317 futurum
661 2256 850 2318 tolerandum
869 2257 923 2330 est,
942 2273 1009 2315 oum
1028 2257 1231 2316 consentiente
1249 2256 1339 2316 libro-

166 2375 232 2414 rum
261 2355 405 2414 memoria
431 2355 621 2430 paucissimis
648 2376 703 2433 pro
731 2354 914 2430 reliquorum
943 2372 1067 2413 numero
1094 2355 1167 2414 locis
1195 2355 1340 2415 traditum

167 2453 207 2512 sit
230 2457 261 2512 et
284 2454 334 2530 qui
357 2453 439 2512 facili
461 2455 627 2514 mutatione
651 2455 760 2530 corrigi
783 2455 903 2530 queant.
911 2445 936 2532 1)
981 2452 1087 2528 Itaque
1111 2453 1149 2512 ad
1169 2452 1340 2514 Atticorum

167 2592 380 2602 ——n-—a-n

240 2663 264 2726 1)
293 2659 370 2725 Quae
396 2660 588 2716 consentiente
613 2661 749 2716 librorum
776 2659 945 2722 auctoritate
978 2658 1053 2729 apud
1080 2658 1202 2728 reliquos
1228 2658 1339 2714 Atticos

165 2738 315 2809 scriptores
333 2737 440 2794 tradita
459 2740 524 2794 0001
542 2739 629 2794 futuri
648 2758 712 2794 oum
730 2735 767 2794 ἄν
786 2739 916 2808 exempla
929 2740 1000 2793 haec
1015 2741 1091 2793 sunt:
1111 2737 1260 2793 Indicativi
1273 2739 1338 2792 Eur.

165 2819 224 2889 lph.
245 2819 276 2872 T.
296 2824 348 2874 895
367 2821 408 2882 τίς
426 2812 463 2872 δυ
482 2810 534 2873 οὖν
554 2815 620 2874 τάδ’
641 2816 678 2873 δν
699 2861 704 2872 .
725 2863 731 2874 .
751 2861 758 2874 .
777 2826 870 2888 φανεῖ
884 2821 1026 2897 (corrupta
1044 2820 1109 2873 0001
1129 2818 1221 2888 prima
1239 2819 1339 2886 verba;

164 2901 206 2960 τίς
229 2895 277 2967 ἄρ’
302 2889 366 2970 οὖν,
394 2896 482 2954 τάλαν
505 2899 639 2968 Nauck),
666 2900 710 2956 El.
734 2905 786 2954 484
817 2898 979 2969 πέμψουσιν
1009 2895 1162 2953 θανάτοισι
1189 2893 1243 2953 κάν
1268 2943 1274 2953 .
1299 2939 1306 2952 .
1332 2940 1337 2951 .

165 2974 275 3048 ὄψομαι
294 2977 455 3048 (θανάτοις
475 2973 493 3048 ή
513 2977 570 3049 μὰν
588 2979 719 3048 Nauck),
739 2981 811 3036 Ρ101.
832 2980 865 3034 de
880 2978 949 3048 Rep.
970 2980 1051 3032 6le
1070 2974 1121 3047 οὐχ
1140 2973 1217 3046 ήκει,
1236 2973 1338 3046 φάναι,

165 3054 229 3112 οὐδ’
254 3052 291 3112 dv
314 3053 376 3128 ήξει
400 3056 474 3130 (οὐδ’
488 3051 537 3114 αὖ
560 3055 622 3128 ήξει
645 3061 737 3115 Madv.
760 3059 830 3114 Adv.
855 3057 948 3113 0011
969 3076 996 3128 p.
1017 3059 1094 3126 435),
1117 3056 1239 3127 Euthyd.
1260 3063 1338 3112 2740

165 3134 288 3193 κάλλιστ’
310 3135 346 3194 διν
369 3139 541 3209 προτρέψετε
562 3139 760 3210 (προτρέψαιτε
779 3139 906 3207 Aldina),
931 3138 1025 3208 Symp.
1045 3144 1095 3192 222
1107 3155 1124 3190 a
1144 3135 1338 3206 δισιγομένους

165 3219 197 3274 δὲ
218 3216 287 3273 ἰδών
306 3214 344 3273 άν
361 3240 403 3282 τις
423 3260 428 3271 .
449 3262 455 3274 .
476 3261 482 3275 .
502 3215 617 3288 εὑρήσει
636 3209 743 3286 (αὖτις
763 3258 769 3270 .
790 3258 797 3271 .
817 3258 822 3268 .
843 3212 955 3286 εὑρήσει
975 3216 1082 3284 Bekis),
1104 3218 1185 3271 Isocr.
1206 3216 1283 3270 XVII
1303 3223 1336 3271 58

165 3295 232 3354 ὥστ’
262 3298 314 3354 οὐκ
342 3293 378 3354 dv
408 3294 523 3361 εἰκότως
550 3299 616 3367 περὶ
643 3294 738 3366 ὀλίγου
768 3293 923 3366 ποιήσεσθε
958 3292 1137 3365 (ποιήσαισθε
1168 3297 1201 3350 Η.
1231 3298 1337 3366 Wolf.),

164 3379 295 3436 Dinarch.
326 3381 336 3433 1
364 3386 399 3434 68
427 3381 456 3433 τί
485 3376 516 3434 δὲ
546 3374 587 3446 μάν
621 3377 679 3447 (dul
709 3372 746 3432 άν
775 3377 872 3447 Oxou.)
897 3408 930 3418 -
953 3377 1080 3447 τιθῶμεν
1105 3373 1160 3447 γάρ
1186 3379 1277 3432 ταῦτα
1302 3410 1336 3419 -

165 3456 217 3515 ε’άν
238 3503 243 3514 .
264 3503 270 3515 .
290 3502 296 3515 .
315 3455 425 3531 άπαιτή,
443 3502 449 3514 .
470 3501 476 3513 .
497 3454 744 3526 ,Ἀλέξανδροςτὸ
763 3460 877 3529 χρυσίον
897 3502 902 3513 .
924 3502 929 3513 .
950 3500 971 3527 .,
994 3459 1024 3511 τί
1040 3453 1160 3526 ἐροῦμεν
1180 3459 1219 3527 (τί
1235 3453 1263 3512 δ’
1284 3455 1337 3514 ἐάν

164 3540 375 3606 1001000001),
394 3540 475 3595 1109
493 3533 563 3594 πολὺ
583 3535 636 3608 γάρ
656 3532 692 3593 δν
712 3536 890 3609 δικαιότερον
909 3533 1035 3607 ἐλεήσετε
1057 3534 1211 3608 (ἐλεήσαιτε
1232 3539 1336 3609 Dobr.).

164 3621 207 3673 Dc
226 3620 349 3689 quinque
369 3620 488 3690 optativi
507 3621 558 3676 fut.
578 3638 641 3674 cum
659 3615 696 3674 ἄν
715 3620 856 3676 coniuncti
879 3619 1013 3689 exemplis
1038 3621 1134 3690 (Arist.
1153 3621 1237 3690 Vesp.
1259 3626 1335 3675 1097.

164 3700 235 3754 Ρ101.
262 3701 346 3769 Legg.
373 3707 457 3755 7190.
486 3701 549 3770 lys.
574 3701 586 3753 Ι
609 3708 652 3756 22.
678 3701 742 3770 Lyc.
769 3708 811 3755 14.
836 3703 879 3767 15)
907 3700 950 3755 ita
972 3698 1043 3754 dixit
1064 3698 1256 3754 Fassbaender
1279 3700 1297 3754 1.
1317 3699 1335 3753 l.

164 3799 191 3848 p.
212 3785 246 3834 55
257 3797 316 3848 sqq.
341 3783 373 3834 01
395 3779 465 3835 nihil
489 3781 647 3836 addendum
667 3782 710 3835 sit.
747 3780 881 3836 Infinitivi
900 3782 970 3835 haec
993 3780 1144 3834 habentur:
1172 3778 1255 3848 Soph.
1276 3778 1333 3834 00.

166 3866 234 3914 1077
254 3856 290 3922 ώς
309 3861 472 3928 προμνᾶταί
487 3881 513 3914 τι
533 3878 580 3930 μοι
599 3857 695 3931 γνώμα
713 3857 776 3930 τάχ’
798 3855 834 3915 dv
853 3857 954 3914 δώσειν
976 3855 1051 3928 (τάχ’
1072 3854 1207 3913 ἐνδώσειν
1227 3860 1335 3928 schol),

165 3940 227 3993 Eur.
244 3939 304 3996 Hel.
321 3945 373 3993 448
388 3937 504 4008 πικροὺς
519 3933 555 3994 διν
573 3935 631 4009 (ἄρ’
647 3940 752 4011 Herm.)
767 3938 849 4011 οἶμαί
864 3936 891 4010 γ’
907 3936 1038 4009 ἀγγελεῖν
1057 3938 1122 4000 τοὺς
1141 3933 1208 3999 σοὺς
1226 3932 1334 4007 λόγους,

163 4014 279 4088 Antiph.
303 4019 342 4073 Vl
365 4025 382 4072 4
407 4015 524 4085 ἐλπίζων
547 4013 636 4081 οὕτως
658 4014 694 4074 dv
718 4016 817 4090 άριστα
844 4016 962 4089 πράξειν
989 4019 1105 4088 (πρᾶξαι
1129 4018 1237 4088 Dobr.),
1264 4016 1334 4075 Xen.

164 4099 236 4154 Hist.
257 4100 302 4153 Gr.
320 4099 398 4165 1112,
416 4105 447 4152 12
468 4092 556 4161 οὕτως
574 4091 610 4151 διν
630 4096 741 4166 ἔφασαν
759 4095 875 4168 τάχιστα
893 4100 1017 4169 νομίζειν
1037 4092 1125 4152 αὐτὸν
1145 4095 1334 4167 συγχωρήσειν

164 4180 352 4248 (συγχωρήσαι
373 4180 476 4247 110100),
495 4178 547 4247 Ag.
564 4182 588 4242 7,
604 4186 618 4232 7
640 4175 668 4243 ἕξ
688 4170 721 4246 ής
740 4175 776 4235 διν
791 4178 892 4249 ήγήται
911 4174 1020 4248 μάλιστ’
1041 4173 1078 4234 dv
1097 4175 1225 4247 (μάλιστα
1240 4179 1335 4252 Dind.)

163 4256 237 4329 ἡμᾶς
247 4255 375 4327 ἀλλήλοις
384 4254 564 4329 πολεμήσειν,
575 4259 676 4312 isaeV
687 4266 720 4312 23
731 4255 884 4330 ήγοάμενοι
894 4257 947 4329 γάρ
958 4256 1010 4314 οὐκ
1020 4255 1056 4314 dv
1067 4255 1156 4314 αὐτὸν
1167 4257 1332 4332 βεβαιώσειν

164 4342 330 4414 (βεβαιῶσαι
344 4340 457 4409 Nubes),
472 4340 615 4394 Demosth.
631 4339 722 4393 XXIV
738 4345 788 4394 115
803 4340 900 4395 πολλοὶ
913 4339 966 4409 γὰρ
981 4333 1017 4394 dv
1032 4336 1108 4412 αὐτῷ
1124 4335 1244 4396 ἐδόκουν
1259 4336 1332 4396 οὕτω

163 4417 191 4490 γ’
214 4419 243 4475 ol
259 4420 375 4476 κλέπται
395 4419 512 4476 ἔσεσθαι
535 4421 696 4492 (delendum
720 4416 819 4477 001άν
839 4438 872 4476 ex
890 4419 1049 4489 insequenti
1067 4415 1143 4494 αὐτῷ
1161 4422 1332 4493 repetitum).
