3022 4936
766 300 1004 367 ‘-24-

309 470 499 544 potissimum
531 488 618 526 usum
650 470 801 543 spectasse
834 468 974 528 videntur
1005 474 1124 529 veteres
1151 468 1340 546 grammatici
1367 467 1418 542 qui
1447 467 1486 524 ab

311 570 427 626 exculto
452 585 587 626 sermone
610 559 648 624 iio
671 586 737 625 cum
757 568 859 625 futuro
879 567 1009 626 alienum
1028 587 1093 626 esse
1113 568 1259 626 dixerunt.
1267 557 1293 646 1)
1326 564 1370 623 Of.
1391 565 1486 626 Beklr.

311 667 421 725 Anecd.
450 687 479 741 p.
509 668 570 724 127
600 662 730 741 μέλλοντι
758 658 774 725 ὁ
803 661 857 742 μέν
883 667 1090 745 γραμματικῶν
1121 658 1221 725 κανών
1254 657 1310 723 ούκ
1342 660 1489 741 ἐπιτρέπει

312 758 389 845 (scil.
413 759 453 823 tv
474 755 681 843 particulam),
708 756 788 842 παρὰ
815 768 876 836 τοῖς
903 757 1034 842 ἄρχαίοις
1063 759 1095 823 δέ
1125 756 1180 823 οὐκ
1207 755 1290 841 ὀλίγα
1316 754 1488 844 εὑρίσκεται.

876 1015 926 1084 lv.

401 1160 437 1216 ln
462 1157 560 1215 titulis
584 1155 694 1214 Atticis
719 1155 842 1214 Euclide
867 1156 1009 1215 archonte
1032 1156 1251 1231 antiquioribus
1275 1157 1385 1232 ubique
1408 1149 1494 1227 ὅπως

312 1276 379 1314 curn
408 1254 595 1314 coniunctivo
623 1247 661 1311 δν
690 1272 789 1311 secum
816 1253 921 1330 habet,
952 1255 1081 1329 primum
1108 1247 1190 1324 ὅπως
1217 1273 1284 1312 curn
1312 1253 1392 1312 nudo
1420 1272 1491 1312 eon-

312 1354 444 1412 iunctivo
478 1353 570 1411 iuncti
604 1354 770 1426 exemplum
805 1354 852 1410 est
883 1355 914 1411 in
942 1352 1027 1427 Oorp.
1056 1353 1144 1411 inser.
1172 1350 1235 1410 Att.
1263 1353 1293 1409 ΙΙ
1324 1354 1384 1410 115
1414 1354 1493 1411 extr.

314 1448 512 1528 ἐπιμελεῖσθαι
541 1446 573 1509 δέ
600 1447 651 1508 καλ
677 1442 746 1520 τοὺς
776 1443 953 1528 στρατηγούς
982 1497 988 1510 .
1018 1498 1024 1508 .
1051 1497 1057 1509 .
1093 1444 1173 1521 ὅπως
1201 1442 1348 1528 Ἀρύββας
1380 1446 1430 1507 καὶ
1465 1450 1497 1510 οἱ

313 1549 416 1620 παῖδες
444 1542 535 1608 αὐτοῦ
564 1543 788 1625 <κομλ>σωνται
817 1541 872 1624 τήν
899 1541 994 1626 σἰρχήν
1021 1550 1110 1624 idque
1138 1568 1231 1606 unum
1254 1549 1353 1623 quarti
1378 1549 1494 1607 saeculi

315 1641 355 1726 (a.
390 1644 484 1724 343s2
521 1666 547 1705 a.
582 1637 664 1725 Ob),
700 1665 768 1704 cum
819 1647 894 1704 ertio
932 1646 1051 1703 demum
1088 1646 1138 1704 hio
1174 1665 1245 1704 usus
1283 1646 1492 1704 increbrescat.

315 1743 358 1801 cf.
382 1744 536 1804 Herwerd.
560 1743 663 1818 Lapid.
694 1743 730 1801 de
759 1743 827 1800 dial.
852 1742 916 1804 Att.
940 1745 1050 1804 testim.
1074 1765 1102 1819 p.
1128 1747 1243 1820 73sqq.
1284 1736 1336 1814 Ὡς
1358 1743 1449 1802 finale
1475 1763 1493 1802 a

314 1841 413 1900 titulis
428 1841 538 1901 Atticis
553 1845 623 1900 ante
643 1841 774 1900 aetatem
794 1841 1018 1916 imperatoriam
1036 1843 1125 1901 iactis
1145 1843 1264 1901 omnino
1283 1842 1377 1901 abest.
1416 1840 1495 1900 Cum

315 1958 450 1999 sermone
475 1940 668 2016 epigraphico
692 1939 834 2016 comicus,
862 1943 1072 2016 praeterquam
1101 1941 1179 2016 quod
1204 1931 1244 2011 ὡς
1268 1939 1355 1998 finale
1378 1939 1495 2014 pariter

315 2041 405 2113 atque
425 2031 506 2109 ὅπως
529 2037 672 2111 admittit,
696 2039 739 2095 ita
763 2039 911 2098 consentit
935 2042 969 2097 ut
987 2039 1018 2095 in
1041 2039 1177 2125 partibus
1201 2033 1357 2114 dialogicis
1380 2037 1495 2113 ubique

315 2137 352 2194 ad
376 2128 416 2207 ως
439 2140 470 2195 et
492 2130 573 2207 ὅπως
597 2155 665 2194 cum
688 2136 875 2194 coniunctivo
899 2126 938 2195 ύν
959 2137 1095 2194 additum
1114 2137 1161 2195 sit
1201 2137 1280 2193 Nam
1300 2137 1326 2194 si
1345 2135 1495 2195 mittimus

316 2232 409 2292 Arist.
434 2235 504 2309 Lys.
530 2234 625 2292 1265.
651 2235 745 2309 1305,
769 2234 820 2291 ubi
845 2225 884 2304 ὦς
907 2254 974 2293 cum
997 2235 1077 2293 nudo
1105 2234 1292 2294 coniunctivo
1316 2234 1347 2291 in
1370 2233 1496 2292 canticis

316 2332 432 2390 Doricis
457 2335 511 2407 est,
535 2350 602 2389 curn
625 2331 704 2389 nudo
729 2332 915 2391 coniunctivo
939 2325 1021 2403 ὅπως
1038 2331 1127 2407 Vesp.
1150 2333 1235 2392 1526
1260 2333 1290 2389 in
1314 2331 1428 2389 cantico
1449 2335 1497 2390 est

317 2433 348 2489 et
376 2421 415 2500 ὡς
443 2431 521 2488 Εοολ.
549 2430 611 2486 286
641 2428 671 2484 in
699 2428 884 2488 tetrametris
916 2429 1050 2487 iambicis
1082 2429 1197 2488 cantico
1225 2428 1397 2505 praemissis
1426 2447 1496 2485 cum

318 2547 412 2602 eoque
435 2527 561 2599 conexis,
585 2527 616 2583 in
639 2525 716 2583 Eccl.
741 2529 842 2584 autem
867 2548 893 2586 v.
919 2528 980 2583 117
1006 2521 1198 2604 ξυνελέγημεν
1221 2520 1331 2584 ἐνθάδε
1353 2557 1390 2564 -
1413 2519 1497 2596 ὅπως

317 2618 573 2702 προμελετήσωμεν
609 2615 678 2681 ἁκεῖ
710 2622 759 2682 δεῖ
791 2620 885 2703 λέγειν
916 2628 996 2683 recte
1030 2624 1188 2683 Valsenius
1225 2618 1496 2701 προμελετήσαιμεν

319 2724 483 2781 secuudum
506 2722 654 2797 reliquum
673 2720 885 2797 Aristophanis
908 2743 1002 2798 usum,
1027 2723 1078 2798 qui
1098 2723 1127 2780 in
1147 2722 1404 2781 enuntiationibus
1423 2722 1499 2781 fina-

317 2821 398 2878 libus
423 2820 547 2879 verbum
570 2820 726 2894 praeteriti
750 2821 893 2896 temporis
918 2821 1171 2896 subsequentibus
1194 2823 1263 2895 post
1282 2811 1322 2891 ὡς
1341 2823 1393 2879 aut
1412 2809 1498 2892 ὅπως

318 3042 465 3112 Participii
483 3043 553 3097 haec
572 3043 648 3096 sunt:
667 3040 736 3096 Xen.
756 3042 838 3095 Mem.
856 3043 880 3094 Il
896 3049 920 3109 2,
936 3048 952 3096 3
971 3037 1009 3104 ὣς
1028 3038 1081 3097 ούκ
1099 3039 1136 3096 δν
1156 3045 1283 3112 μείζονος
1302 3043 1392 3096 κοινοῦ
1413 3039 1499 3112 φόβῳ

318 3120 369 3192 τήν
397 3121 514 3177 οἷδικίαν
547 3119 703 3183 παύσοντος
737 3119 910 3192 (παύσαντες
940 3123 1066 3189 (Iotabe),
1098 3122 1160 3192 bys.
1189 3122 1280 3175 XXXI
1307 3128 1340 3175 21
1370 3112 1403 3175 εύ
1431 3117 1499 3192 ᾔδει

320 3198 409 3257 αὐτὸν
424 3245 429 3255 .
447 3245 452 3256 .
469 3246 474 3258 .
494 3199 529 3256 τοὶ
550 3201 653 3256 δέοντα
673 3198 710 3257 δν
729 3199 883 3270 ποιήσοντα
904 3197 950 3271 (δν
970 3219 1004 3256 ex
1023 3201 1126 3256 δέοντα
1145 3203 1296 3272 repetitum
1316 3203 1369 3256 del.
1391 3202 1500 3271 Dobr.)‚

319 3285 390 3338 Plat.
412 3285 490 3352 Apol.
511 3283 574 3336 30b
594 3278 630 3344 ὡς
649 3278 718 3353 ἐμοῦ
738 3278 790 3336 ούιι
809 3277 846 3336 ἂν
865 3278 1031 3350 ποιήσοντος
1050 3280 1231 3350 (ποιήσαντος
1250 3281 1336 3347 Coo),
1355 3282 1438 3335 Isocr.
1460 3282 1500 3334 VI

320 3371 362 3418 62.
388 3371 421 3417 63
447 3359 597 3432 ἐπίσταμαι
616 3404 622 3414 .
643 3406 649 3417 .
669 3403 674 3414 .
700 3358 796 3416 ὁτιοῦν
820 3356 857 3416 δν
880 3358 1050 3429 ποιήσοντας
1074 3405 1079 3416 .
1101 3405 1107 3417 .
1128 3406 1134 3417 .
1163 3359 1266 3432 ὁμοίως
1289 3357 1325 3414 διν
1349 3362 1500 3432 βουλεύσο-

321 3441 408 3512 μένοις
427 3486 433 3498 .
450 3485 477 3495 ..
498 3439 653 3510 προθύμως
673 3435 710 3494 δέν
729 3438 798 3511 ἡμῖν
818 3439 1055 3508 ἐπικουρήσοντας
1074 3438 1257 3510 (ποιήσαντας
1276 3485 1282 3496 .
1299 3485 1325 3496 ..
1347 3444 1500 3514 βουλευσα-

321 3522 408 3592 μένας
428 3566 434 3577 .
455 3565 460 3575 .
482 3565 487 3574 .
509 3517 751 3590 ἐπικουρήσαντας
771 3521 858 3589 (lob),
877 3522 943 3575 VIII
963 3527 996 3575 81
1016 3519 1050 3575 τὰ
1071 3520 1123 3591 μέν
1141 3519 1297 3592 πικρότατα
1317 3522 1366 3576 καλ
1385 3518 1499 3590 μάλιστ’

323 3598 358 3655 δν
373 3599 448 3670 ὑμᾶς
461 3597 621 3668 λαπήσοντα
637 3598 810 3669 (λοπήσαντα
821 3601 906 3668 eoa),
922 3600 1039 3654 Philam.
1055 3603 1155 3656 cornici
1170 3602 1268 3671 fragm.
1280 3609 1312 3656 91
1330 3603 1384 3671 (cd.
1397 3602 1499 3670 Kock.)

321 3678 356 3737 δν
376 3678 442 3735 olet
464 3679 504 3742 εἷς
522 3678 642 3749 λέληθεν
662 3675 728 3734 ούδέ
747 3679 781 3734 ἓν
800 3682 890 3734 ποιῶν
905 3713 938 3721 -
954 3677 1015 3735 οὐδ’
1037 3676 1073 3735 διν
1091 3678 1218 3751 ποιήσων
1237 3677 1314 3751 (οὐδ’
1335 3673 1372 3735 αύ
1393 3683 1498 3736 Wake-

321 3763 419 3830 field.);
443 3777 514 3813 unus
537 3760 625 3812 restat
646 3760 723 3813 locus
747 3759 824 3813 cuius
853 3763 1011 3817 emendatio
1035 3763 1159 3831 aliquam
1179 3763 1373 3816 difficultatem
1393 3760 1500 3816 habere

321 3844 463 3909 videatur,
491 3841 539 3894 sed
562 3857 618 3894 non
641 3840 728 3894 habet
751 3841 865 3910 cognita
889 3841 1063 3911 corruptelae
1092 3842 1213 3911 origine,
1243 3841 1386 3896 Demosth.
1406 3842 1443 3893 IX
1465 3847 1501 3894 70

321 3920 409 3977 uritur
428 3942 469 3984 τις
487 3916 579 3989 ἡδέως
598 3913 634 3973 διν
654 3921 719 3983 ι”σως
735 3917 882 3990 ἐρωτήσων
898 3920 1038 3990 κύδηται;
1058 3939 1120 3975 cum
1136 3923 1210 3977 onim
1226 3925 1291 3984 ἴσως
1305 3921 1333 3975 in
1349 3919 1502 3989 compluri-

322 4006 373 4057 bus
393 4003 472 4058 libris
492 4002 647 4066 omittatur,
667 4001 805 4070 genuinae
826 4002 980 4072 scripturae
999 4000 1091 4070 ἡδέως
1109 3997 1146 4055 διν
1166 3998 1277 4071 ἐρωτῶν
1294 4001 1501 4069 interpretandi

323 4100 407 4136 causa
435 4081 546 4134 videtur
578 4083 643 4143 ἴσως
672 4077 821 4150 ἐρωτήσων
850 4082 1068 4152 superscriptum
1099 4081 1184 4136 fuisse
1211 4082 1285 4134 hunc
1313 4080 1341 4134 in
1371 4081 1500 4135 modum:

402 4165 468 4221 ι”σως
478 4157 625 4227 ἐρωτήσων

322 4229 413 4301 ἡδέως
435 4225 472 4285 διν
495 4227 613 4296 ἐρωτῶν.

396 4314 422 4378 1)
445 4310 509 4363 Non
532 4311 617 4364 laudo
641 4312 857 4368 Hcrwerdenum
882 4315 956 4383 quod
978 4312 1065 4367 etiam
1089 4313 1125 4367 ab
1144 4312 1264 4366 Homero
1284 4307 1320 4366 ἄν
1341 4309 1413 4380 (κέν)
1434 4328 1500 4366 curn

325 4392 421 4445 futuro
440 4389 612 4444 abiudicavit
630 4391 735 4458 (Revue
755 4395 788 4447 de
807 4395 875 4464 phil.
896 4395 933 4449 vl
953 4414 979 4463 p.
1000 4400 1033 4447 22
1044 4394 1122 4460 sqq).
