3022 4936
762 365 979 428 -12-

285 529 361 609 ἔχειν
393 531 520 589 rettulit.
570 530 648 588 Nam
681 529 772 588 etiarn
805 532 874 588 ante
904 530 1102 588 incursionem
1129 530 1160 587 in
1188 529 1321 588 Atticam
1348 529 1459 588 factam

285 628 527 687 Lacedaemoniis
556 627 785 686 Atheniensium
812 630 907 703 terra,
937 628 1020 687 cuius
1048 626 1250 686 devastandae
1278 630 1459 702 potestatem

284 727 443 802 haberent,
471 746 525 801 pro
553 727 678 802 pignore
707 727 773 783 crat
800 725 837 782 ad
865 726 1026 786 flectendos
1055 744 1157 785 eorum
1185 725 1309 784 animos.
1354 726 1459 800 Neque

284 825 299 882 I
323 827 374 896 93,
399 827 416 882 2
442 824 570 902 νομίζων
594 870 626 885 ..
651 816 759 895 αύτούς
782 817 938 896 ναυτικούς
961 819 1174 903 γεγενημένους
1203 819 1276 902 μέγα
1298 820 1460 900 προφέρειν

285 920 314 994 ές
336 916 368 982 τὸ
391 916 557 999 κτήσασθαι
580 913 710 998 δύναμιν
729 921 765 979 ad
785 920 922 979 futurum
941 925 1059 997 tempus
1079 918 1240 999 προφέρειν
1259 925 1384 997 spectat,
1408 922 1460 980 sed

284 1021 462 1080 vertendum
489 1024 548 1081 est:
578 1014 699 1095 ‘putans
728 1039 779 1078 eos
807 1021 942 1079 nauticos
971 1021 1066 1080 factos
1095 1021 1222 1078 multum
1251 1021 1393 1095 proficere
1421 1021 1459 1078 ad

284 1120 449 1193 potentiam
479 1120 536 1178 sibi
565 1111 814 1192 comparandam'.
865 1118 970 1194 Neque
1003 1120 1080 1178 euim
1114 1123 1179 1178 tum
1206 1119 1336 1194 primum
1365 1119 1459 1177 Athe-

284 1217 402 1275 nienses
425 1217 470 1274 rei
497 1215 597 1275 navali
625 1233 747 1289 operam
776 1216 876 1273 daturi
905 1221 1002 1289 erant,
1031 1218 1084 1276 sed
1111 1218 1171 1275 iam
1197 1216 1228 1274 in
1251 1235 1352 1290 pugna
1376 1215 1459 1274 Sala-

284 1315 376 1372 minia
403 1315 562 1373 maximam
590 1315 712 1373 navium
740 1317 856 1388 partem
885 1316 1086 1390 praebuerant
1118 1307 1147 1395 (Ι
1177 1317 1227 1386 74,
1253 1306 1303 1392 1).
1354 1314 1459 1389 Neque

284 1411 508 1471 assentiendum
537 1416 583 1470 est
612 1411 667 1470 Th.
695 1412 908 1487 Forssmanno,
938 1414 989 1489 qui
1016 1414 1048 1470 in
1075 1413 1109 1473 G.
1134 1413 1230 1472 Curtii
1254 1411 1337 1471 Stud.
1365 1431 1459 1488 gram.

285 1509 327 1568 VI
350 1531 377 1585 p.
403 1512 443 1569 62
459 1529 521 1586 sqq.
549 1510 730 1569 infinitivum
757 1510 923 1584 praesentis
951 1510 1012 1571 vim
1040 1511 1135 1569 futuri
1162 1511 1207 1568 ita
1233 1510 1345 1568 habere
1372 1528 1459 1584 posse

284 1607 448 1668 affirmavit
472 1611 506 1666 ut
529 1611 628 1667 certus
652 1608 696 1666 rei
719 1611 843 1667 eventus
868 1609 1095 1685 significaretur.
1142 1609 1227 1679 Quod
1254 1609 1333 1667 enim
1357 1609 1460 1667 eodem

284 1706 372 1765 modo
400 1705 579 1764 indicativus
607 1709 774 1780 praesentis
802 1708 845 1766 rei
873 1708 993 1765 futurae
1024 1707 1231 1782 exprimendae
1257 1706 1459 1781 adhiberetur,

284 1806 332 1863 hic
360 1823 480 1863 causam
508 1824 566 1862 non
595 1822 661 1862 esse
690 1806 817 1865 credidit
842 1826 894 1866 cur
917 1806 942 1864 is
966 1825 1038 1865 usus
1062 1807 1100 1864 ab
1124 1804 1270 1863 infinitivo
1294 1805 1461 1879 praesentis

284 1903 399 1961 alienus
423 1903 583 1961 videretur.
622 1902 666 1958 Ex
686 1903 802 1962 duobus
821 1907 922 1963 autem
941 1905 1095 1964 indicativi
1115 1903 1258 1978 exemplis
1279 1921 1354 1978 quae
1373 1904 1462 1961 affert

284 2001 412 2059 alterum
442 1999 484 2056 VI
513 2001 564 2074 91,
593 2005 611 2057 3
641 1999 684 2058 sic
711 2001 836 2076 legitur:
869 2000 918 2061 καὶ
946 2001 972 2062 εἰ
998 1996 1072 2079 αύτιχ
1099 2026 1119 2080 ιγ
1152 1996 1237 2072 πόλις
1264 1993 1460 2077 ληφθήσεται,

283 2095 376 2175 έχεται
398 2094 445 2156 καὶ
470 2089 489 2174 ἡ
512 2098 593 2155 πάσα
617 2099 743 2159 Σικελία.
787 2101 846 2161 Sed
869 2103 996 2176 apparet
1018 2101 1074 2159 hoc
1096 2101 1161 2159 loco
1185 2099 1277 2159 verbo
1301 2096 1390 2176 έχεται
1415 2099 1460 2157 rei

284 2196 434 2270 perfectae
463 2197 576 2254 statum
605 2196 745 2274 describi,
778 2199 888 2274 quippe
916 2200 999 2258 cuius
1028 2199 1128 2257 sensui
1156 2196 1336 2272 respondeat
1363 2196 1460 2270 ipsius

284 2293 368 2352 verbi
387 2287 549 2371 λαμβάνειν
567 2296 733 2370 perfectum
753 2295 894 2372 εἴληπται,
912 2316 970 2355 non
990 2314 1131 2371 praeseus
1151 2288 1337 2372 λαμβάνεται.
1375 2293 1460 2364 Quod

284 2391 310 2448 si
338 2392 538 2467 reputaveris,
567 2412 625 2450 non
652 2394 764 2467 poteris
792 2414 851 2453 non
879 2394 1041 2453 concedere
1070 2394 1158 2452 huius
1183 2393 1309 2469 exempli
1335 2392 1459 2451 eandem

285 2489 431 2548 rationem
455 2509 519 2549 esse
543 2494 633 2565 atque
657 2492 721 2550 eius
744 2493 823 2567 quod
847 2493 948 2552 estin
972 2491 1061 2567 Soph.
1083 2489 1160 2547 Phil.
1181 2490 1235 2548 75:
1260 2488 1290 2547 εἴ
1308 2511 1342 2566 με
1365 2483 1459 2560 τόξων

284 2579 423 2666 ἐγκρατὴς
455 2580 641 2664 αἰσθήσεται,
673 2582 783 2664 ὅλωλα,
816 2591 924 2665 quibus
956 2589 1063 2647 deinde
1091 2588 1193 2647 futuro
1223 2590 1357 2662 tempore
1385 2606 1459 2646 usus

283 2688 374 2761 pocta
396 2686 479 2744 addit
501 2683 551 2745 καλ
574 2681 605 2745 σέ
627 2686 860 2764 προσδιαφθερῶ
883 2681 989 2759 ξυνών.
1028 2685 1072 2745 Of.
1098 2686 1204 2745 Matth.
1224 2684 1324 2745 Gram.
1344 2688 1363 2759 ξ
1383 2687 1458 2746 500.

284 2783 394 2858 Krueg.
419 2783 518 2842 Gram.
542 2782 562 2855 ἓ
583 2785 634 2856 53,
658 2787 677 2843 3
702 2785 769 2844 adn.
794 2788 823 2844 4.
864 2786 948 2844 Idem
971 2783 1109 2843 infinitivi
1133 2783 1259 2857 perfecti
1282 2803 1354 2843 usus
1378 2786 1459 2858 apud

284 2881 375 2939 Thuc.
399 2881 430 2938 ΙΙ
454 2882 482 2952 8,
506 2882 526 2938 4
551 2874 696 2961 ἐντούτῳ
719 2902 748 2940 τε
771 2884 958 2942 κεκωλῦσθαι
981 2876 1075 2940 ἐδόκει
1104 2875 1213 2960 έκάστῳ
1243 2874 1277 2939 τά
1304 2875 1459 2959 πράγματα

284 2966 307 3062 ᾧ
330 2972 371 3055 μή
394 3001 436 3049 τις
459 2972 546 3049 αύτός
569 2974 714 3055 παρέσται.
755 2980 825 3037 Pari
848 2980 935 3038 modo
959 2982 1049 3055 atquc
1074 2979 1153 3054 apud
1177 2978 1268 3038 Thuc.
1292 2979 1336 3036 VI
1361 2983 1411 3055 91,
1437 2984 1456 3040 3

283 3074 375 3154 έχεται
393 3077 423 3133 in
442 3076 513 3133 Eur.
532 3074 675 3134 Androm.
696 3079 756 3135 381
781 3069 821 3154 ἢν
843 3072 944 3158 θάνχχς
967 3071 1014 3152 σύ,
1037 3080 1107 3146 παῖς
1130 3068 1178 3134 b'd'
1205 3069 1341 3154 ἐκφεύγει
1365 3071 1458 3154 μύρον

283 3192 423 3250 praesens
446 3167 582 3251 ἐκφεύγει
604 3175 864 3249 interpretandum
887 3180 946 3254 est,
970 3177 1078 3252 quippe
1102 3174 1180 3249 quod
1204 3174 1307 3233 eadem
1331 3176 1458 3249 perfecti

283 3274 311 3332 vi
336 3273 506 3348 praeditum
530 3273 570 3331 sit
590 3291 649 3347 qua
668 3273 739 3332 alibi
759 3273 883 3349 simplex
903 3268 1025 3352 φεύγειν
1044 3267 1094 3352 (cf.
1115 3273 1225 3348 Krueg.
1245 3273 1344 3332 Gram.
1366 3274 1385 3346 ξ
1406 3277 1458 3351 53,

285 3374 300 3429 1
327 3370 394 3428 adn.
420 3362 464 3449 3).
510 3371 614 3445 Neque
643 3360 732 3428 aliter
759 3371 865 3449 οἴχεται
892 3372 963 3431 Eur.
993 3371 1093 3446 Suppl.
1123 3373 1185 3428 712
1221 3369 1247 3429 εἰ
1273 3363 1312 3446 μὴ
1341 3360 1459 3446 σχήσετε

283 3461 402 3546 στερρὸν
426 3462 500 3544 δόρυ
529 3500 571 3508 -
600 3470 735 3545 σπαρτῶν
762 3463 823 3528 τόδ’
849 3464 982 3548 ἀνδρῶν,
1012 3469 1119 3546 οἴχεται
1145 3461 1180 3525 τά
1204 3460 1369 3538 Παλλάδος.
1417 3470 1457 3527 ht

283 3566 361 3640 apud
385 3567 482 3639 ipsum
505 3564 710 3640 Thucydidem
734 3567 837 3625 eadem
860 3570 976 3626 ratione
1000 3565 1207 3640 explicandum
1231 3566 1278 3623 est
1300 3566 1315 3622 Ι
1340 3568 1413 3642 143,
1438 3570 1456 3626 5

283 3656 477 3742 κρατήσαντές
500 3683 528 3721 τε
551 3656 607 3740 γάρ
632 3650 722 3733 αὖθις
741 3656 796 3721 οὐκ
814 3657 948 3724 έλάσσοσι
968 3657 1144 3741 μαχούμεθα
1164 3657 1212 3721 καὶ
1231 3654 1270 3740 ἢν
1289 3666 1457 3741 σφαλῶμεν,

283 3756 318 3821 τά
340 3765 399 3821 τῶν
423 3751 592 3838 ξυμμάχων,
616 3753 690 3820 ὅθεν
709 3756 855 3839 ι’σχύομεν,
878 3756 1125 3840 προσαπόλλυται,
1148 3761 1203 3820 ubi
1220 3756 1458 3839 προσαπόλλυται

284 3861 417 3919 eiusdem
446 3859 588 3934 temporis
622 3877 688 3917 esse
721 3862 811 3934 atque
844 3854 1017 3939 μαχούμεθα
1049 3859 1242 3918 manifestum
1274 3864 1328 3920 est.
1377 3861 1456 3918 Nam

283 3952 427 4018 ὅλλυσθαι
450 3959 573 4033 eiusque
592 3958 756 4032 composita
775 3960 893 4034 saepius
912 3978 979 4018 cum
998 3958 1028 4017 vi
1050 3958 1176 4032 perfecti
1195 3960 1296 4018 valere
1314 3957 1456 4033 perisse

284 4060 332 4116 sat
360 4056 463 4115 multis
492 4055 635 4130 exemplis
665 4056 895 4118 demonstratur.
942 4056 985 4116 cf.
1014 4056 1121 4115 Aesch.
1150 4056 1207 4132 Ag.
1237 4057 1310 4129 528,
1339 4057 1390 4114 ubi
1419 4057 1455 4114 de

284 4155 374 4214 Troia
397 4156 494 4214 excisa
521 4155 629 4214 dicitur
656 4150 705 4212 καὶ
736 4151 848 4232 σπέρμα
875 4149 971 4232 πάσης
995 4147 1184 4226 ἐξαπόλλυται
1211 4147 1335 4231 χθονός,
1365 4154 1455 4229 Soph.

284 4251 344 4312 ΟΒ.
370 4256 431 4313 799
456 4252 594 4330 ἱκνούμαι
616 4246 720 4312 τούσδε
742 4246 811 4324 τοὺς
834 4247 948 4332 χώρους
971 4250 1004 4312 ἐν
1027 4245 1071 4323 οἷς
1101 4283 1138 4291 -
1171 4243 1208 4310 σὺ
1235 4243 1286 4310 τὸν
1309 4246 1456 4329 τύραννον

282 4353 386 4430 τοῦτον
409 4346 551 4410 ὅλλυσθαι
574 4346 677 4429 λέγεις,
706 4351 799 4411 Arist.
823 4352 890 4411 Pac.
915 4353 978 4411 355
1006 4342 1111 4408 ἱκανὸν
1134 4342 1241 4427 χρόνον
1263 4343 1456 4426 άπολλύμεθα

282 4447 333 4509 καὶ
355 4447 608 4525 κατατετρίμμεθα.
647 4449 802 4508 Accedunt
824 4450 881 4509 loci
904 4449 956 4508 ubi
978 4447 1092 4523 pariter
1114 4450 1205 4523 atquc
1228 4448 1307 4522 apud
1326 4448 1417 4506 Thuc.
1441 4447 1456 4505 I
