3022 4936
669 342 864 408 ..5-

175 511 277 587 ψυχης
295 503 500 587 ἀποστερῆσαι,
521 510 552 568 ΙΙ
570 512 620 582 81,
641 511 659 567 5
679 500 870 588 ἡγησάμενοι,
889 505 1105 587 μεμονωμένον
1123 509 1149 569 εἰ
1165 505 1350 587 κρατήσειαν,

176 601 232 667 οὐκ
254 599 294 666 ἀν
316 604 357 666 έτι
379 608 463 684 σφίσι
487 602 556 679 τοὺς
570 601 718 684 Ἕλληνας
741 600 849 684 δμοίως
867 611 1052 685 προσελθεῖν,
1075 609 1121 666 ΙΙΙ
1141 611 1192 679 30,
1212 611 1231 668 3
1251 608 1278 668 εἰ
1294 598 1350 668 οὖν

175 700 389 782 προσπέσοιμεν
412 700 499 782 ἀφνω
524 701 623 764 τεκαὶ
647 699 764 783 νυκτός,
794 702 899 776 ἐλπίζω
923 699 992 782 μετά
1015 708 1074 766 τῶν
1097 704 1185 766 ένδον
1209 754 1214 765 .
1236 753 1241 764 .
1265 728 1348 765 κατα-

174 804 332 879 ληφθῆναι
354 794 393 861 ἀν
415 795 450 861 τά
473 792 643 882 πράγματα,
671 802 715 860 IV
740 805 790 876 31,
816 807 836 862 2
863 796 880 863 δ
908 797 1045 879 ἐνόμιζον
1072 803 1173 880 σφίσιν
1201 797 1350 880 ῶφέλιμον

174 893 214 959 ἀν
237 892 326 976 εἶναι,
355 900 382 960 εί
407 893 627 978 καταλαμβάνοι
653 893 838 978 ἀναχῶρησις
861 897 1023 979 βιαιοτέρα,
1053 904 1102 975 69,
1129 905 1145 960 1
1174 900 1349 978 νομίζοντες,

175 999 201 1058 εί
218 995 289 1076 πρὶν
307 996 511 1077 έπιβοηθησαί
526 1020 608 1070 τινας
627 995 760 1074 ἐξέλοιεν,
783 1001 900 1059 θᾶσσον
922 991 961 1058 ἀν
983 996 1033 1058 καλ
1056 992 1089 1057 τὰ
1108 995 1237 1078 Μέγαρα
1257 1015 1349 1075 προσ·

174 1097 316 1174 χωρῆσαι,
339 1097 367 1154 V
387 1100 416 1170 8,
436 1100 454 1156 3
480 1096 507 1156 εί
527 1090 584 1176 γάρ
608 1096 709 1168 δείξειε
731 1101 792 1169 τοῖς
814 1094 957 1169 ἐναντίοις
979 1091 1013 1157 τό
1034 1118 1063 1156 τε
1085 1099 1202 1173 πλῆθος
1223 1093 1274 1154 καί
1296 1090 1350 1172 τὴν

173 1188 291 1254 δ’πλισιν
319 1188 483 1274 ἀναγκαίαν
511 1183 605 1254 οὖσαν
631 1197 690 1254 τῶν
718 1189 787 1272 μεθ’
812 1192 933 1270 ἑαυτοῦ,
967 1189 1022 1255 οὐκ
1049 1187 1088 1254 διν
1114 1189 1211 1275 ἡγεῖτο
1239 1198 1349 1273 μᾶλλον
1383 1199 1385 1203 ’

173 1289 393 1371 περιγενέσθαι,
422 1296 450 1366 8,
474 1296 494 1352 4
519 1287 573 1353 οὐκ
596 1285 636 1352 ἀν
657 1292 786 1370 νομίζων
809 1288 918 1366 αὐτοὺς
941 1287 1050 1370 ὁμοίως
1073 1288 1235 1372 ἀπολαβεῖν
1258 1282 1348 1366 αὖθις

175 1387 416 1468 μεμονωμένους,
439 1385 568 1470 εἰτύχοι
591 1388 721 1450 έλθοῦσα
744 1384 846 1463 αὐτοῖς
867 1383 887 1468 ἡ
910 1385 1053 1469 βοήθεια,
1077 1394 1128 1466 32,
1152 1396 1171 1452 3
1196 1392 1222 1452 εί
1244 1392 1347 1468 σφίσιν

173 1483 373 1566 προσγένοιτο,
392 1489 558 1567 νομίζοντες
576 1482 696 1547 ἀπασαν
710 1481 749 1548 ἀν
763 1487 838 1567 έχειν
853 1483 1094 1566 Πελοπόννησον,
1114 1493 1164 1564 37,
1182 1493 1200 1548 2
1221 1490 1348 1568 νομίζειν

174 1577 230 1664 χάρ
254 1577 292 1644 δν
314 1580 419 1647 τούτου
442 1581 687 1665 προχωρησαντος
709 1586 819 1668 ῥᾳδίως
842 1583 901 1666 ἤδη
925 1583 975 1646 καὶ
997 1590 1135 1663 πολεμεῖν
1157 1584 1207 1646 καλ
1230 1584 1347 1647 σπένδε-

172 1688 246 1742 σθαι
273 1681 323 1742 καλ
349 1677 423 1762 πρὸς
447 1682 719 1761 Λακεδαιμονίους,
747 1685 773 1744 εί
795 1680 965 1764 βούλοιντο,
989 1732 1023 1745 ..
1051 1681 1101 1742 καὶ
1130 1683 1160 1743 εἴ
1181 1706 1247 1743 τινα
1273 1680 1347 1763 πρὸς

172 1775 262 1840 ἀλλον
290 1778 365 1857 δέοι,
395 1785 445 1856 39,
471 1785 488 1840 2
518 1780 680 1853 ἐλπίζοντες
708 1782 739 1841 οἱ
759 1778 1002 1861 Λακεδαιμόνιοι,
1026 1782 1052 1841 εί
1074 1774 1234 1842 Πάνακτον
1253 1776 1344 1861 Ἀθη-
1393 1789 1395 1795 ’

171 1884 252 1939 ναῖοι
264 1874 344 1958 παρά
358 1881 503 1941 Βοιωτῶν
517 1872 708 1959 ἀπολάβοιεν,
726 1881 907 1958 κομίσασθαι
925 1874 964 1940 ἀν
978 1873 1059 1940 αὐτοὶ
1076 1874 1188 1955 Πάλον,
1208 1880 1251 1938 VI
1269 1885 1307 1939 11
1326 1887 1344 1941 2

171 1973 345 2036 Σικελιῶται
373 1972 400 2036 δ’
430 1973 470 2037 ἀν
502 2002 551 2056 μοι
584 1979 725 2038 δοκοῦσιν
753 2023 760 2036 .
784 2025 790 2038 .
821 1976 870 2038 καὶ
897 1977 938 2038 ἔτι
967 1971 1006 2037 ἀν
1032 1967 1127 2056 ἧσσον
1154 1976 1246 2039 δεινοὶ
1273 1972 1345 2056 ἡμῖν

170 2071 325 2153 γενέσθαι,
348 2074 375 2133 εἰ
396 2068 515 2151 ἀρξειαν
538 2067 636 2133 αὐτῶν
659 2069 855 2151 Συρακόσιοι,
880 2080 930 2152 28,
955 2079 972 2134 2
998 2075 1182 2153 νομίσαντες,
1206 2075 1233 2135 εί
1254 2070 1369 2143 αὐτὸν,

171 2164 346 2247 έξελάσειαν,
369 2174 479 2249 πρῶτοι
502 2164 540 2230 ἀν
563 2165 649 2247 εἶναι,
674 2175 724 2247 37,
749 2176 767 2231 2
792 2167 875 2250 μόλις
897 2168 935 2232 ἀν
959 2196 1008 2252 μοι
1032 2173 1186 2248 δοκοῦσιν,
1210 2173 1236 2232 εί
1257 2167 1345 2233 πόλιν

170 2266 270 2348 έτέραν
296 2263 441 2348 τοσαύτην
468 2265 534 2330 ὅσαι
557 2266 752 2350 Σαιράκουσαί
777 2270 851 2330 εἰσιν
878 2269 995 2331 έλθοιεν
1022 2269 1135 2350 ἔχοντες
1162 2268 1212 2329 καὶ
1234 2265 1345 2350 ὅμορον

169 2362 339 2445 οἰκήσαντες
366 2361 417 2428 τὸν
444 2358 574 2446 πόλεμον
603 2375 749 2446 ποιοῖντο,
780 2363 835 2429 οάκ
863 2361 902 2428 δν
929 2363 1098 2428 παντάπασι
1126 2368 1344 2447 διαφθαρῆναι,

170 2467 320 2542 71164
344 2463 475 2537 ἐκείνους
496 2487 525 2525 τε
548 2462 598 2524 καὶ
620 2461 789 2526 παντάπασι
811 2461 1037 2544 ἀπεστερηκέναι
1061 2459 1094 2549 (i.
1117 2487 1142 2526 a.
1166 2487 1250 2542 spem
1274 2469 1342 2526 ada·

170 2566 259 2624 misso
267 2556 321 2646 1)),
350 2564 375 2623 εἰ
396 2561 446 2623 καὶ
469 2569 617 2641 κρατοῖεν,
643 2558 683 2642 μὴ
707 2557 746 2624 ἀν
768 2563 808 2625 ἔτι
830 2569 909 2642 σφᾶς
931 2561 1124 2643 ἀποτειχίσαι,
1148 2565 1223 2623 VIII
1246 2569 1298 2642 47,
1325 2572 1340 2625 1

167 2666 265 2721 πεῖσαι
284 2655 311 2720 δ’
328 2655 367 2720 ἀν
386 2652 499 2739 ένόμιζε
517 2656 639 2738 μάλιστα
657 2660 689 2722 ἐκ
706 2663 758 2722 τοῦ
777 2657 923 2738 τοιούτου,
942 2662 969 2722 εί
984 2659 1188 2743 Τισσαφέρνης
1204 2664 1340 2740 φαίνοιτο

168 2753 247 2841 αὐτῷ
267 2753 428 2836 ἐπιτήδειος
447 2753 497 2819 ῶν.
533 2759 619 2818 Idem
636 2761 667 2818 in
685 2761 852 2836 participiis
870 2763 972 2821 valere
991 2764 1117 2836 apparet
1136 2779 1171 2818 ox
1191 2761 1234 2818 VI
1251 2764 1300 2838 64,
1323 2737 1352 2822 lx

169 2852 277 2928 είδότες
300 2850 355 2916 οὐκ
379 2849 418 2915 ἀν
441 2850 549 2935 ὁμοίως
568 2853 757 2936 δυνηθέντες,
781 2860 807 2919 εί
824 2857 857 2919 ἐκ
875 2861 933 2919 τῶν
952 2860 1029 2918 νεῶν
1051 2851 1125 2935 πρὸς
1144 2875 1340 2939 παρεσκευασ-

168 2954 276 3033 μένους
303 2949 499 3033 έκβιβάζοιεν,
533 2955 592 3015 VII
616 2958 672 3034 42,
700 2959 720 3015 4
749 2950 827 3035 δρῶν
850 3003 857 3016 .
877 2999 901 3032 .,
930 2955 956 3016 εί
981 2950 1132 3034 κρατησειέ
1158 2978 1200 3028 τις
1227 2960 1285 3016 τῶν
1312 2980 1341 3018 τε

166 3047 334 3112 Ἐπιπολῶν
365 3055 416 3129 τῆς
443 3045 616 3130 ἀναβάσεως
648 3051 697 3112 καὶ
729 3045 819 3127 αὖθις
852 3058 905 3115 τοῦ
937 3052 969 3114 έν
1001 3047 1104 3125 αάταῖς
1135 3053 1341 3134 στρατοπέδου,

168 3149 277 3232 ῥηιδίως
296 3141 335 3208 ἀν
353 3144 424 3209 αὐτὸ
448 3147 573 3226 ληφθέν.
611 3151 772 3211 Praeterea
794 3156 825 3212 in
848 3153 998 3213 sententia
1020 3151 1183 3211 condicioni
1206 3155 1341 3215 subiecta

167 3253 237 3326 posi
256 3248 283 3309 εί
296 3268 363 3308 oum
377 3249 512 3324 optativo
526 3248 623 3307 nudos
638 3250 733 3308 futuri
747 3250 912 3309 infinitivus
931 3252 984 3307 aut
1002 3247 1193 3323 participium
1210 3252 1339 3324 ponitur.

168 3348 213 3407 of.
232 3349 262 3406 11
283 3351 312 3422 ι,
332 3350 360 3406 3.
388 3347 435 3405 111
456 3349 505 3423 aa,
525 3349 553 3405 4.
583 3347 853 3425 v14,a.40,2.
882 3347 924 3404 vi
943 3348 995 3422 aa,
1015 3349 1044 3404 ε.
1068 3347 1118 3419 so,
1140 3348 1167 3405 3.
1192 3347 1252 3405 vn
1270 3351 1289 3407 4
1309 3353 1338 3409 4.

168 3445 228 3504 Ubi
251 3450 352 3504 autem
376 3447 495 3520 praeter
517 3446 654 3504 futurum
677 3450 795 3523 tompus
818 3440 857 3504 ἀν
880 3446 978 3521 abest,
1005 3444 1184 3504 sententiam
1211 3465 1271 3528 non
1296 3448 1340 3507 ita

168 3543 208 3601 ad
230 3543 431 3602 condicionem
454 3543 559 3602 referri
582 3546 707 3619 apparot
730 3549 846 3604 utnon
869 3545 969 3603 valeat
990 3544 1048 3602 nisi
1072 3563 1107 3602 oa
1129 3545 1261 3618 impleta.
1303 3547 1338 3604 In

166 3641 282 3700 duobus
311 3642 389 3698 onim
416 3661 493 3717 quae
517 3646 636 3703 exstant
659 3644 746 3703 huius
770 3644 887 3720 gononis
911 3641 1053 3718 exemplis
1078 3642 1256 3702 dubitationi
1279 3664 1338 3703 non

166 3739 314 3800 obnoxiis:
337 3738 381 3795 IV
407 3741 457 3813 11,
486 3742 505 3798 4
532 3745 714 3822 τριηραρχῶν
743 3736 799 3823 γάρ
826 3738 876 3800 καλ
904 3734 982 3818 ὁρῶν
1004 3741 1056 3799 τοῦ
1079 3739 1187 3817 χωρίου
1210 3744 1337 3818 χαλεποῦ

164 3834 250 3910 ὄντος
276 3831 345 3909 τοὺς
372 3833 564 3919 τριηράρχους
591 3838 641 3899 καὶ
669 3833 863 3919 κυβερνητας,
891 3837 921 3897 εἴ
938 3859 980 3919 πη
1003 3834 1052 3896 καὶ
1081 3836 1184 3914 δοκοίη
1208 3833 1337 3900 δυνατδν

165 3929 241 3996 εἶναι
265 3939 353 4014 σχεῖν,
376 3928 579 4008 ἀποκνοῦντας
602 3935 652 3998 καλ
674 3933 917 4015 φυλασσομένους
939 3937 997 3994 τῶν
1019 3937 1095 3993 νεῶν
1113 3927 1152 4011 μὴ
1173 3933 1335 4014 ξυντρῖψα-

164 4033 389 4107 σιιανΠσ,
410 4036 426 4091 1
447 4034 621 4111 νομίζοντες,
644 4033 694 4095 καὶ
717 4035 743 4095 εί
764 4033 871 4094 ἐκεῖνον
894 4026 933 4111 μὴ
957 4029 1088 4092 ἐθέλοιεν
1111 4025 1204 4110 μάχης
1226 4027 1335 4111 ἀρχειν,

164 4127 328 4211 ἀναγκαῖον
347 4131 449 4208 σφίσιν
467 4125 542 4191 εἶναι
560 4126 600 4209 μὴ
619 4135 760 4211 περιορᾶν
783 4124 1095 4210 παροικοδομοάμενον
1117 4123 1149 4189 τὸ
1172 4135 1263 4208 τεῖχος
1287 4135 1335 4191 vel

238 4357 263 4424 1)
282 4354 387 4409 Similis
405 4357 546 4426 emphasis
564 4357 693 4426 exempla
711 4357 843 4426 leguntur
861 4357 898 4409 Ill
919 4361 962 4423 83,
981 4362 1005 4409 4.
1028 4354 1110 4424 V40,
1126 4361 1150 4412 3.
1172 4355 1235 4410 Vlll
1250 4362 1292 4424 50,
1308 4365 1332 4412 4.

164 4435 237 4489 Plat.
255 4436 359 4490 Phaed.
380 4441 412 4490 75
422 4437 448 4491 b.
