3022 4936
289 1380 471 1441 Luculenter
484 1382 663 1459 Madvigius,
680 1401 781 1440 rerum
795 1380 1060 1456 grammaticarum
1074 1379 1265 1440 acutissimus
1279 1379 1376 1454 iudex,

199 1479 231 1535 iu
250 1477 439 1538 Adversariis
463 1481 572 1540 criticis
591 1481 606 1538 I
625 1501 653 1556 p.
675 1481 848 1538 roa—182
873 1480 974 1538 docuit
997 1478 1110 1537 nudum
1134 1479 1238 1538 aoristi
1256 1478 1375 1537 infiniti-

200 1594 270 1634 vum
295 1595 313 1634 a
336 1578 452 1636 dicendi
476 1583 528 1638 aut
551 1579 678 1654 putandi
700 1577 801 1638 verbis
825 1578 1005 1653 pendentem
1033 1577 1144 1652 ubique
1166 1576 1324 1652 praeteriti
1347 1575 1376 1635 vi

198 1672 382 1732 instructum
409 1694 506 1751 neque
534 1695 661 1752 usquam
688 1675 727 1734 ad
752 1675 889 1735 futurum
912 1680 1031 1751 tempus
1055 1675 1245 1734 referendum
1269 1664 1376 1753 essal)

199 1769 291 1830 Cuius
319 1777 500 1848 argumenta
528 1793 708 1850 quamquam
736 1792 802 1831 eam
829 1775 891 1833 vim
918 1774 1031 1832 habent
1058 1775 1093 1830 ut
1116 1772 1153 1831 de
1175 1773 1214 1831 iis
1236 1772 1375 1831 dubitare

199 1870 248 1928 viu
275 1871 376 1944 liceat,
410 1875 512 1931 tamen
538 1873 722 1932 inveteratos
754 1890 869 1930 errores
897 1872 1005 1930 tollere
1031 1873 1094 1929 tam
1122 1871 1242 1930 difficile
1269 1873 1316 1928 est
1342 1871 1376 1928 ut

199 1986 307 2041 operae
336 1949 634 2043 pretium'facturus
663 1987 728 2027 esse
755 1967 827 2025 mihi
855 1967 971 2043 videar,
1005 1968 1031 2026 si
1063 1986 1130 2026 eam
1163 1968 1377 2046 quaestionem,

199 2069 348 2139 quatenus
367 2066 405 2123 ad
425 2066 631 2141 Thucydidem
649 2065 789 2141 pertinet,
812 2065 857 2124 ita
875 2066 1104 2124 retractaverim
1123 2069 1157 2125 ut
1181 2066 1278 2124 causis
1301 2082 1376 2141 quas

198 2162 251 2220 ille
274 2163 379 2222 attulit
402 2163 477 2222 alias
501 2164 609 2223 addam
632 2164 741 2239 quibus
766 2163 916 2221 sententia
939 2162 1003 2222 eius
1027 2162 1227 2222 confirmetur.
1274 2163 1374 2222 Prius·

199 2278 287 2334 quam
316 2264 418 2319 autem
445 2263 483 2320 ad
511 2261 699 2338 propositum
727 2262 879 2336 accedam,
906 2280 1002 2337 pauca
1029 2261 1065 2319 de
1093 2262 1211 2320 ratione
1234 2260 1375 2320 videntur

198 2358 419 2432 praemonenda
442 2378 508 2420 esse
532 2379 622 2437 quam
645 2360 676 2418 in
698 2358 844 2418 eiusmodi
863 2359 1088 2437 quaestionibus
1108 2360 1289 2436 sequendam
1308 2377 1374 2418 esse

196 2456 263 2530 ipsa
286 2475 389 2514 earum
412 2461 521 2517 natura
544 2459 638 2519 docet.
679 2459 815 2518 Fuerunt
836 2457 915 2517 enim
939 2457 990 2533 qui
1014 2475 1080 2515 eam
1103 2457 1183 2516 viam
1206 2457 1317 2515 inirent
1339 2458 1373 2515 ut

197 2553 350 2613 veteribus
382 2555 577 2631 scriptoribus
606 2576 642 2616 ea
669 2559 700 2615 in
727 2576 783 2616 usu
810 2555 905 2615 fuisse
933 2555 1067 2614 dicerent
1094 2574 1221 2631 quorum
1254 2571 1373 2612 causam

197 2651 272 2709 satis
295 2652 481 2726 probabilem
505 2655 562 2713 sibi
585 2655 758 2730 explorasse
781 2654 838 2714 visi
861 2655 969 2713 essent.
1015 2652 1111 2721 Quam
1134 2652 1214 2712 viam
1238 2651 1373 2726 equidem

198 2767 217 2806 a
239 2769 309 2809 vero
333 2751 481 2811 abducere
504 2753 599 2814 credo.
646 2752 722 2811 Cum
745 2752 824 2811 enim
847 2770 883 2810 ea
906 2750 945 2810 sit
971 2749 1144 2827 linguarum
1166 2751 1277 2808 natura
1299 2751 1334 2807 ut
1357 2768 1374 2807 a

270 2958 296 3023 1)
315 2955 432 3024 Aliquot
450 2960 546 3012 tamen
565 2958 642 3013 locos
661 2975 712 3028 pro
731 2957 870 3027 corruptis
888 2954 1048 3026 Madvigius
1067 2955 1155 3010 habet
1173 2954 1223 3024 qui
1245 2955 1374 3009 emenda-

196 3036 274 3091 tione
293 3054 348 3090 non
367 3037 459 3106 egent.
486 3032 565 3091 Nam
576 3038 652 3106 qnod
665 3038 694 3091 in
709 3037 795 3106 Soph.
811 3036 855 3092 Αἱ.
872 3042 940 3090 1081
952 3053 1012 3105 sqq.
1032 3030 1105 3090 ὅπου
1120 3031 1149 3087 δ’
1165 3031 1289 3106 ὑβρίζειν
1303 3037 1374 3103 δρᾶν

195 3111 264 3170 θ’ὂὲ
285 3113 417 3187 βούλεται
436 3118 512 3186 παρῇ
533 3148 565 3156 -
585 3114 692 3186 ταύτην
709 3115 805 3187 νόμιζε
823 3114 876 3186 τὴν
893 3116 977 3170 πόλιν
994 3114 1063 3170 ποτέ
1082 3145 1117 3155 -
1137 3110 1167 3180 ἐξ
1186 3109 1290 3182 οὐρίαν
1308 3117 1374 3182 δρα-

196 3199 306 3268 μοῦοαν
331 3193 360 3258 ές
384 3192 478 3269 βυθὸν
501 3203 599 3250 πεσεῖν
625 3199 698 3252 male
722 3197 805 3268 putat
827 3196 1019 3250 Hermannum
1042 3194 1178 3249 aoristum
1200 3199 1299 3248 πεσεῖν
1323 3210 1374 3262 pro

197 3277 332 3346 empirico
347 3276 496 3345 accepisse,
513 3277 587 3344 quod
602 3277 668 3330 talis
682 3277 836 3331 infinitivus
850 3274 947 3330 aoristi
961 3292 1017 3328 non
1035 3273 1199 3344 reperiatur,
1215 3291 1271 3328 non
1290 3275 1374 3328 modo

195 3355 375 3426 participium
399 3355 498 3409 aoristi
520 3356 575 3410 hoo
597 3358 681 3411 modo
708 3356 852 3411 invenitur
870 3356 945 3425 apud
962 3354 1012 3411 Th.
1031 3354 1044 3406 Ι
1065 3360 1124 3422 122,
1143 3360 1168 3408 4.
1202 3354 1301 3408 Aesch.
1321 3355 1374 3424 Ag.

197 3442 257 3502 967,
277 3437 327 3490 sed
346 3437 431 3490 etiam
450 3435 538 3505 ipsius
557 3435 689 3490 infinitivi
709 3437 867 3506 exemplum
887 3434 1104 3505 deprehendisse
1123 3434 1193 3488 mihi
1211 3435 1289 3488 visus
1312 3452 1372 3487 sum

194 3515 223 3568 in
245 3515 326 3569 Hom.
347 3515 398 3570 Od.
413 3516 452 3568 III
468 3522 520 3570 318
531 3534 590 3584 sqq.
611 3523 705 3579 κεῖνος
723 3513 777 3586 γὰρ
796 3517 863 3570 νέον
882 3513 1006 3570 ἄλλοθεν
1025 3512 1192 3583 εἰλήλουθεν
1211 3547 1244 3555 -
1264 3511 1297 3570 ἐκ
1316 3515 1372 3568 τῶν

195 3589 358 3662 ἀνθρώπων
383 3590 454 3650 ὅθεν
480 3592 532 3651 οὐκ
557 3593 669 3652 ἔλποιτό
693 3617 724 3666 γε
748 3599 833 3672 θυμῷ
854 3631 888 3639 -
908 3595 1030 3668 ἐλθέμεν
1051 3592 1150 3651 ὅντινα
1167 3597 1279 3664 πρῶτον
1298 3591 1369 3649 ἄπο-

195 3670 339 3744 σφήλωοιν
363 3671 475 3741 α”ελλαις
499 3682 578 3733 verto
602 3679 677 3734 enim
700 3673 773 3733 ὅθεν
793 3717 799 3730 .
816 3721 844 3733 ..
869 3674 991 3747 ἐλθέμεν
1014 3675 1103 3730 unde
1126 3692 1191 3729 non
1215 3675 1374 3728 crederet

195 3755 306 3824 (modus
325 3755 489 3823 potentialis
508 3758 661 3826 praeteriti,
681 3759 716 3812 de
736 3774 790 3826 quo
810 3757 967 3826 antiquiore
986 3755 1107 3826 optativi
1125 3755 1193 3809 nudi
1212 3758 1314 3809 etcum
1336 3749 1373 3807 ἅν

193 3835 283 3889 iuneti
312 3852 363 3888 usu
391 3835 425 3888 cf.
450 3835 501 3889 Od.
525 3837 590 3889 XIII
613 3844 673 3893 248.
707 3837 739 3892 ΙΙ.
762 3838 775 3889 Ι
799 3842 859 3890 232.
887 3836 926 3889 IV
950 3842 1011 3890 223.
1038 3835 1063 3889 V
1086 3840 1129 3891 45.
1166 3835 1268 3889 Herod.
1293 3835 1305 3886 Ι
1330 3839 1371 3889 70.

195 3914 234 3967 IX
259 3919 303 3975 71)
331 3914 444 3968 redire
469 3914 589 3970 solere.
627 3916 735 3971 Deinde
758 3916 935 3984 incorruptus
959 3917 1001 3970 est
1023 3931 1121 3969 versus
1143 3916 1207 3969 Eur.
1233 3912 1278 3970 Or.
1303 3918 1371 3967 1527

196 3995 288 4065 μῶρος
312 3991 340 4047 εἷ
360 3994 451 4048 δοκῶν
475 4013 509 4064 με
529 3996 626 4064 τλῆναι
645 3993 697 4064 σὴν
715 3991 895 4065 καθαιμάξαι
914 3994 1012 4063 δέρην,
1036 3993 1056 4049 i.
1075 4011 1099 4048 e.
1123 3993 1252 4047 stultus
1271 4009 1318 4060 es,
1343 3993 1372 4046 si

195 4077 299 4144 putas
318 4091 366 4128 me
385 4076 541 4128 conatum
561 4093 634 4130 esse
650 4074 876 4146 (propositum
894 4074 1072 4141 habuisse)
1095 4072 1262 4126 cervicem
1280 4074 1372 4126 tuam

196 4159 386 4208 cruentare.
423 4154 505 4210 Hom,
525 4158 619 4209 autem
640 4155 689 4209 Od.
710 4157 747 4208 IV
767 4160 818 4208 253
829 4172 869 4222 sq.
895 4153 943 4207 καὶ
962 4150 1058 4223 ὤμοσα
1076 4148 1213 4220 καρτερὸν
1232 4145 1318 4219 ὅρκον
1337 4184 1369 4192 -

196 4233 234 4304 μὴ
254 4233 306 4304 μέν
325 4235 391 4303 πρὶν
411 4230 534 4303 Ὀδυσῆα
557 4232 626 4305 μετὰ
649 4230 773 4304 'spritus'
794 4231 944 4303 ἀναφῆναι
968 4235 1084 4286 eandem
1108 4233 1369 4302 interpretationem

196 4315 283 4368 habet
302 4318 386 4383 atque
403 4315 481 4370 Dem.
496 4315 587 4369 XXIII
604 4320 663 4383 170,
682 4332 736 4382 quo
756 4317 790 4370 de
810 4314 871 4368 loco
890 4315 965 4367 infra
981 4332 1008 4383 p.
1026 4320 1058 4366 16
1078 4331 1167 4368 sermo
1186 4313 1247 4367 erit.
1262 4313 1369 4367 Ibidem

199 4392 308 4447 dicetur
326 4395 361 4448 de
378 4394 440 4464 Lys.
460 4394 525 4447 XIII
545 4400 586 4448 15.
605 4401 648 4450 47.

1122 4480 1157 4536 1*
