3022 4936
643 317 863 380 ..30-

165 477 214 537 καὶ
242 472 279 539 οὐ
306 473 486 558 βουλόμενος
516 475 696 557 ‘quanquam
723 476 850 539 invitus’
878 481 980 541 valere
1013 482 1112 558 docui,
1146 483 1180 539 ut
1206 478 1255 540 καὶ
1284 475 1341 541 οὐκ

163 573 278 636 ἐθέλων
301 579 388 638 Hom.
411 578 447 639 Il.
469 577 514 634 IV
539 581 612 637 300.
642 576 696 635 Od.
719 577 749 634 ΙΙ
775 581 838 638 110
862 581 893 638 et
916 580 947 637 in
971 581 1121 638 sententia
1143 579 1343 638 condicionali

164 669 203 752 μὴ
229 669 408 754 βουλόμενος
427 677 505 736 Plat.
523 674 618 752 Legg.
638 676 730 734 8622,
753 676 837 751 dixit,
861 697 928 735 cum
947 677 1107 738 Classenus
1131 678 1216 736 nulla
1238 695 1342 736 neces-

164 773 253 832 sitate
281 778 400 833 coactus
430 794 497 834 eum
524 776 623 834 locum
651 776 754 832 contra
781 794 871 850 quam
899 776 1062 835 secundum
1085 775 1255 851 legitimum
1281 794 1344 832 ser-

165 871 261 930 monis
280 892 367 931 usum
385 873 581 948 interpretari
598 871 694 930 malit.
721 871 856 948 Uterque
874 893 893 932 a
912 895 959 934 me
979 874 1119 933 dissentit
1134 875 1171 931 de
1184 872 1229 930 IV
1245 875 1297 947 63,
1315 877 1344 945 1,

164 969 216 1026 ubi
244 970 484 1046 interpunctione
512 974 582 1047 post
608 963 668 1047 ἤδη
695 970 795 1044 posita
818 965 967 1049 φοβεροὺς
990 965 1137 1049 παρόντας
1156 964 1345 1047 Ἀθηναίους

165 1059 222 1144 (=-·
243 1061 298 1145 τὴν
322 1071 455 1148 φοβεραν
474 1064 648 1146 Ἀθηναίων
670 1062 851 1149 παρουσίαν)
875 1071 979 1130 eodem
1002 1071 1089 1129 modo
1114 1069 1226 1127 dictum
1250 1074 1345 1143 atque

163 1158 233 1236 τοὺς
252 1159 435 1245 Ἀθηναίους
458 1162 603 1247 μεγάλους
625 1163 819 1245 γιγνομένους
838 1167 853 1224 Ι
873 1170 924 1244 23,
945 1171 963 1227 6
989 1161 1040 1246 (cf.
1063 1168 1180 1242 reliqua
1204 1167 1347 1242 exempla

165 1281 256 1339 supra
275 1261 383 1346 allata)
407 1288 461 1342 pro
485 1266 672 1342 appositione
695 1265 803 1341 accepi,
828 1267 881 1325 sed
903 1269 1012 1327 neuter
1035 1285 1155 1326 causam
1179 1266 1267 1324 affert
1291 1285 1346 1323 cur
1393 1307 1396 1313 -

164 1363 240 1420 ratio
269 1383 287 1420 a
314 1383 361 1422 me
390 1365 478 1439 inita,
511 1382 587 1440 quae
621 1365 652 1421 et
680 1363 845 1421 sententiae
880 1365 1029 1423 satisfacit
1056 1367 1087 1422 et
1117 1363 1345 1440 grammaticae,

165 1461 313 1519 reicienda
346 1463 399 1539 sit,
432 1463 491 1521 nisi
523 1460 601 1537 quod
633 1459 823 1534 illegitimam
854 1463 938 1520 illam
967 1463 1117 1521 licentiam
1146 1462 1195 1519 hic
1222 1459 1345 1518 admitti

164 1576 252 1631 posse
276 1560 446 1634 opinantur.
484 1558 605 1618 Maioris
630 1558 730 1614 autem
753 1560 898 1617 momenti
921 1579 1011 1636 quam
1033 1561 1082 1618 hic
1105 1561 1188 1618 locus
1212 1556 1251 1617 ad
1275 1577 1345 1616 con·

164 1654 341 1715 firmandam
364 1659 440 1716 hanc
464 1657 634 1733 opinionem
657 1657 738 1712 esset
760 1655 820 1713 VII
845 1658 895 1734 66,
920 1660 938 1716 3
963 1652 1069 1735 ἄνδρες
1092 1651 1148 1736 γὰρ
1170 1652 1294 1715 ἐπειδὰν
1319 1644 1344 1739 ᾧ

166 1745 280 1823 ἐξιοῦσι
304 1750 445 1834 προύχειν
468 1755 645 1826 ιιολουθιῖισι,
669 1746 701 1810 τό
723 1744 752 1830 γ’
772 1741 939 1815 ὑπόλοιπον
959 1748 1057 1814 αὐτῶν
1074 1757 1126 1832 της
1145 1747 1233 1831 δόξης
1252 1747 1346 1812 dede·

165 1848 301 1929 νέστερον
323 1847 394 1914 αὐτὸ
419 1851 525 1913 ἑαυτοῦ
548 1849 624 1911 ε’σιιν
646 1842 665 1926 ἢ
690 1849 717 1908 εί
738 1843 807 1926 μηδ’
837 1845 983 1933 ᾠήθησαν
1009 1847 1041 1913 τὸ
1069 1855 1201 1930 πρῶτον,
1229 1848 1280 1909 καὶ
1304 1853 1346 1933 τῷ

163 1942 233 2026 παρ’
260 1947 362 2009 ἐλπίδα
390 1955 442 2011 τοῦ
470 1944 637 2029 αὐχήματος
664 1941 861 2024 σφαλλόμενοι
889 1948 939 2009 καί
954 1945 1041 2028 Υιιοιρδι
1065 1944 1150 2028 ίσχδν
1172 1951 1223 2026 τῆς
1247 1941 1346 2008 δυνό-

164 2068 240 2122 μεως
263 2043 443 2125 ἐυδιδόασιν,
467 2051 491 2108 si
517 2067 621 2108 verum
644 2048 725 2103 esset
749 2046 827 2120 quod
852 2047 1012 2108 Classenus
1037 2048 1202 2123 contendit,
1226 2049 1346 2106 concin-

164 2147 269 2205 nitatis
294 2167 384 2208 causa
406 2168 466 2208 non
488 2149 578 2206 licere
601 2147 641 2227 τῷ
664 2135 733 2219 παρ’
760 2141 864 2203 ἐλπίδα
888 2146 991 2206 eodem
1014 2148 1101 2206 modo
1126 2147 1259 2221 accipere
1283 2165 1344 2221 quo

163 2244 207 2300 IV
232 2247 282 2320 62,
307 2249 326 2304 3
351 2246 464 2305 dictum
487 2249 547 2322 est,
577 2244 629 2303 sed
653 2237 722 2319 παρ’
749 2238 852 2301 ἐλπίδα
874 2247 927 2303 τοῦ
951 2238 1117 2322 αὐχήματος
1140 2245 1255 2318 pariter
1279 2245 1345 2301 iun-

163 2342 295 2415 gendum
326 2362 390 2402 esse
418 2346 508 2418 atque
535 2335 615 2419 παρὰ
644 2333 729 2418 ἰσχὺν
754 2341 806 2415 τῆς
836 2335 990 2419 δυνάμεως
1022 2335 1072 2422 (cf.
1097 2343 1123 2399 V
1151 2345 1200 2415 14,
1232 2333 1279 2422 l),·
1311 2346 1344 2400 et

163 2440 272 2496 mirum
297 2441 446 2517 estquod
469 2441 611 2498 hocleco
635 2439 715 2496 illius
739 2437 877 2495 licentiae
901 2439 1058 2499 immemor
1086 2440 1123 2498 de
1151 2439 1276 2498 delendo
1301 2442 1342 2522 τῷ

162 2537 214 2592 ille
246 2539 373 2614 cogitat,
403 2558 484 2616 cum,
522 2538 548 2596 si
581 2535 685 2594 eadem
717 2535 833 2592 ratione
866 2555 925 2611 qua
956 2537 1000 2595 IV
1034 2540 1089 2611 63,
1126 2541 1152 2596 1.
1192 2537 1219 2595 V
1250 2540 1278 2612 7,
1315 2540 1344 2599 2.

163 2633 238 2690 VIII
264 2638 336 2710 105,
360 2640 379 2696 2
404 2657 477 2696 usus
502 2639 549 2695 est
570 2636 609 2717 τῷ
632 2652 700 2691 cum
723 2625 920 2710 σφαλλόμενοι
951 2635 1109 2711 iungatur,
1137 2634 1222 2692 nulla
1244 2637 1344 2692 muta-

93 2790 97 2795 .
163 2732 245 2789 tione
269 2750 343 2808 opus
367 2735 415 2794 sit.
453 2733 512 2792 Sed
534 2731 742 2791 concinnitatis
766 2730 844 2788 ratio
868 2731 925 2790 hoc
947 2735 1011 2792 loco
1035 2753 1094 2791 non
1116 2736 1235 2790 tantum
1258 2733 1344 2791 valet

163 2832 308 2903 quantum
336 2830 496 2890 Classenus
524 2833 620 2906 putat.
670 2828 749 2886 Nam
776 2828 849 2886 alibi
878 2850 995 2906 quoque
1023 2831 1104 2906 apud
1135 2829 1344 2904 Thucydidem

163 2927 290 2986 similem
314 2929 473 2988 verborum
498 2925 700 3001 aequabilium
723 2926 945 3002 inaequabilem
969 2932 1151 2988 structuram
1175 2927 1342 3003 deprehen-

163 3025 269 3102 dimus,
294 3028 379 3086 velut
401 3027 449 3084 ΙΙΙ
469 3027 521 3102 82,
540 3026 559 3082 8
584 3015 717 3103 εὐσεβείᾳ
740 3019 793 3101 μὲν
814 3071 820 3084 .
841 3073 873 3085 ..
899 3020 1056 3106 εὐπρεπείᾳ
1079 3022 1112 3084 δέ
1136 3028 1166 3083 et
1185 3024 1228 3082 VI
1249 3027 1300 3100 17,
1322 3028 1341 3083 3

162 3120 194 3182 ἐκ
216 3127 269 3184 τοῦ
293 3122 385 3205 λέγων
408 3125 524 3184 πείθειν
548 3114 567 3199 η’
592 3115 762 3198 στασιάζων,
787 3127 818 3182 et
837 3126 1027 3202 Thucydides
1050 3123 1150 3184 verbis
1173 3124 1226 3183 τοῦ
1250 3116 1343 3200 αὐχή-

162 3244 251 3298 ματος
270 3218 468 3303 σφαλλόμενοι
488 3221 676 3297 superiorum
695 3214 817 3279 ἐπειδὰν
836 3209 859 3304 ᾧ
878 3215 994 3293 ἀξιοῦσι
1012 3214 1153 3299 προύχειν
1171 3223 1342 3279 ιιολουθῶσι

163 3322 344 3379 sententiam
372 3325 509 3381 accurate
536 3318 661 3378 reddere
687 3320 795 3378 maluit
818 3340 907 3395 quam
931 3321 1145 3380 vocabulorum
1167 3319 1340 3376 iuncturam

163 3420 356 3491 sequentibus
381 3422 595 3495 congruentem
619 3436 806 3492 comparare,
833 3438 926 3495 eaque
949 3438 987 3476 ne
1010 3417 1155 3475 insimili
1179 3416 1342 3474 verborum

162 3514 258 3573 forma
287 3536 341 3575 sua
370 3521 474 3593 sponte
504 3518 676 3589 exsisteret,
704 3517 806 3574 addito
834 3517 874 3598 τῷ
900 3515 998 3574 effecit
1021 3519 1056 3572 ut
1078 3505 1147 3592 παρ’
1174 3510 1278 3571 ἐλπίδα
1303 3516 1342 3572 ab

161 3612 333 3689 insequenti
355 3618 408 3674 τοῦ
432 3609 599 3694 αὐχήματος
622 3613 853 3689 disiungeretur.
892 3612 968 3672 Cum
991 3614 1086 3689 igitur
1110 3633 1146 3672 ex
1168 3613 1241 3672 locis
1261 3614 1366 3672 Thu-⁴

162 3711 293 3786 cydideis
309 3713 360 3787 qui
375 3715 495 3789 quidem
509 3712 717 3771 consentiente
730 3712 876 3795 librorum
890 3716 921 3771 et
937 3713 1178 3771 testimoniorum
1196 3713 1343 3770 memoria

161 3809 267 3867 traditi
291 3813 362 3868 sunt
385 3811 486 3868 nullus
510 3810 630 3869 steterit
653 3811 724 3884 quin
750 3810 912 3868 secundum
935 3809 1103 3886 legitimam
1126 3809 1243 3867 dicendi
1272 3829 1342 3868 con·

163 3907 352 3966 suetudinem
367 3908 509 3983 explicari
523 3907 627 3983 possit,
646 3909 734 3982 plane
752 3907 811 3964 iam
830 3910 930 3965 actum
949 3911 996 3966 est
1015 3909 1052 3967 de
1070 3927 1129 3965 uno
1149 3910 1180 3965 et
1199 3912 1343 3982 suspecto
1373 3899 1376 3903 ⁵

162 4004 214 4062 illo
233 4006 368 4064 Platonis
389 4007 524 4080 exemplo
543 4007 632 4080 idque
653 4005 859 4065 emendatione
883 4025 971 4081 egere
995 4008 1129 4081 apparet.
1166 4006 1273 4079 Itaque
1297 4008 1344 4065 ibi

162 4106 215 4160 aut
243 4096 318 4162 εἶναι
347 4107 416 4178 post
443 4098 544 4181 ἀρίστη
572 4103 740 4161 addendum
769 4108 831 4179 est,
861 4124 938 4179 quae
965 4104 1060 4179 proba
1088 4106 1135 4161 est
1163 4104 1342 4163 recentioris

161 4221 267 4260 manus
296 4202 326 4258 in
354 4202 416 4261 cod.
444 4200 519 4260 Ven.
548 4204 579 4258 Σ
602 4205 772 4261 correctura
800 4203 911 4278 optime
943 4201 1119 4261 conveniens
1148 4201 1185 4258 ad
1215 4200 1343 4261 Theaet.

165 4300 257 4357 170b
288 4292 342 4358 οὐκ
370 4292 446 4378 όίλλφ
475 4320 513 4379 τῳ
543 4297 737 4377 διαφέροντας
763 4293 782 4377 ἢ
810 4303 849 4384 τῷ
878 4296 988 4358 εἰδέναι
1021 4303 1052 4358 et
1079 4299 1116 4358 dc
1144 4299 1215 4374 ch.
1246 4302 1309 4359 501
1324 4322 1343 4361 a

162 4391 254 4480 τούτῳ
278 4389 317 4453 δν
336 4389 430 4465 εὐθὺς
448 4398 506 4453 τῶν
524 4392 621 4456 ι’ίλλων
640 4396 827 4477 διενέγκοιεν,
850 4399 889 4480 τῷ
908 4389 979 4473 μήτε
998 4390 1116 4456 ίδιιότου
1136 4388 1206 4473 μήτε
1225 4391 1343 4471 πόλεως

368 4636 447 4658 Q
