3022 4936
646 339 865 402 -29-

168 508 267 564 dinem
291 505 425 564 revocari
449 507 568 578 queant.
615 502 714 578 Atque
742 503 773 560 in
797 502 932 562 Platonis
955 499 1076 578 quidem
1098 505 1162 562 loco
1185 503 1340 562 fatendum

168 611 215 663 est
237 606 293 663 hoc
316 604 381 662 fieri
404 623 463 662 non
486 622 582 677 posse.
629 601 687 660 Sed
711 602 773 660 sive
797 600 1001 676 Thucydidem
1026 604 1145 660 secutus
1169 620 1234 659 esse
1257 606 1342 676 puta-

167 705 230 774 tur,
259 721 327 760 cum
354 720 419 760 eam
449 700 505 759 sibi
532 701 706 759 concederet
728 698 893 775 licentiam,
922 699 985 758 sive
1008 698 1072 773 ipse
1096 716 1150 756 sua
1174 701 1280 773 sponte
1303 697 1341 754 ad
1416 689 1418 695 ’

168 800 292 857 eandem
316 800 474 857 dictionem
499 798 663 875 devenisse,
686 797 849 873 permirum
873 800 966 871 esset,
991 797 1016 855 si
1038 796 1070 855 in
1092 799 1139 855 tot
1162 796 1340 872 scriptorum

167 897 368 956 voluminibus
392 915 452 954 uno
476 897 540 954 loco
564 916 631 954 eam
654 895 712 954 sibi
735 894 929 970 permisisset.
967 894 1041 953 Cum
1060 895 1155 975 igitur
1175 893 1223 953 vel
1247 913 1282 952 ea
1305 896 1341 952 de

167 1013 258 1053 causa
281 996 437 1068 suspectus
462 994 501 1051 sit
524 993 606 1052 loeus
626 992 807 1069 Platonicus,
830 1011 866 1050 ex
885 991 1086 1067 Thucydideis
1106 1010 1197 1047 unum
1220 1008 1341 1065 eorrup-

166 1094 231 1148 tum
255 1111 320 1150 esse
344 1092 431 1150 facile
455 1095 588 1166 apparet.
634 1091 713 1149 Nam
736 1089 779 1147 VI
806 1092 833 1163 1,
858 1093 887 1166 2,
910 1091 1029 1149 etiamsi
1056 1089 1212 1147 mittamus
1240 1088 1340 1145 incon-

167 1189 335 1246 venientem
366 1189 539 1265 articulum,
565 1189 665 1264 ipsum
688 1187 878 1264 participium
902 1189 986 1247 nullo
1009 1188 1096 1247 modo
1119 1187 1217 1245 locum
1240 1185 1339 1244 habet.

168 1285 274 1344 Active
303 1286 379 1343 enim
408 1287 456 1345 hic
483 1307 543 1346 non
570 1287 666 1363 magis
694 1286 754 1344 dici
781 1290 881 1361 potest
906 1280 1001 1363 adedo
1023 1285 1130 1362 διεῖργε
1153 1275 1193 1359 μὴ
1216 1276 1340 1359 ἤπειρον

167 1371 261 1441 οὖσαν
284 1403 337 1458 pro
362 1377 401 1461 μή
425 1377 548 1462 ἤπειρον
571 1376 646 1443 εἶναι
669 1404 760 1460 quam
782 1384 827 1442 111
854 1388 882 1458 1,
907 1387 923 1442 1
956 1376 1053 1462 εἶργον
1075 1375 1107 1442 τὸ
1131 1375 1170 1458 μὴ
1195 1429 1201 1439 .
1227 1427 1234 1441 .
1258 1427 1263 1439 .
1287 1404 1340 1439 κα-

166 1482 316 1558 κονργοῦν
342 1500 396 1556 pro
423 1474 454 1540 τὸ
483 1476 521 1559 μὴ
551 1529 558 1540 .
582 1528 588 1542 .
613 1527 620 1542 .
648 1484 825 1561 κακουργεῖν
852 1485 906 1540 aut
921 1481 1024 1557 δορὴ.
1053 1482 1101 1539 Ai.
1132 1483 1173 1538 70
1201 1472 1340 1556 ὀμμάτων

166 1572 373 1655 ἆποστρόφους
404 1612 441 1619 -
471 1572 565 1659 αιἰγδις
593 1574 719 1657 ολπείρξω
748 1574 805 1658 σι’γν
828 1574 980 1658 πρόσοψιν
1004 1573 1170 1648 είσιδούσας
1193 1596 1246 1651 pro
1271 1575 1340 1635 εἰσι-

166 1675 237 1734 δεῖν.
289 1676 368 1734 Nam
399 1677 446 1735 his
478 1679 553 1736 locis
584 1679 720 1738 omnibus
754 1679 945 1753 participium
979 1679 1010 1736 in
1043 1697 1076 1737 re
1105 1695 1182 1752 quae
1215 1696 1274 1735 non
1303 1675 1338 1733 fit

166 1777 219 1831 aut
242 1774 303 1832 fac
290 1777 323 1832 a
345 1777 392 1833 ost
415 1774 468 1833 sed
491 1795 528 1833 ne
552 1775 604 1834 fiat
592 1776 764 1850 tprohibet
766 1796 801 1832 ur
820 1795 943 1851 prorsus
962 1778 1067 1834 contra
1086 1774 1265 1833 sententiam
1284 1775 1339 1830 est.

165 1871 247 1928 Idem
277 1872 405 1930 sensisse
432 1873 552 1931 videtur
581 1872 754 1946 Classenus,
787 1872 838 1946 qui
866 1873 1031 1946 genuinum
1058 1865 1132 1930 εἶναι
1163 1889 1340 1953 praegresso

166 1942 241 2026 οὖσα
264 1969 323 2026 sibi
345 1970 441 2028 videri
464 1972 668 2043 permutatum
692 1989 758 2028 osse
781 1970 861 2025 recte
885 1969 968 2029 dixit
947 1969 1150 2044 tAtque
1142 1986 1242 2042 rpsum
1266 1959 1341 2025 εἶναι

166 2065 291 2138 praebet
317 2065 369 2143 H,
397 2085 473 2140 quae
501 2067 571 2125 licet
599 2070 768 2126 correctura
797 2065 836 2122 sit
869 2057 932 2144 (hic
961 2067 1039 2124 enim
1067 2066 1144 2124 liber
1174 2064 1340 2138 descriptus

166 2163 286 2221 videtur
315 2182 380 2222 esse
408 2182 444 2221 ex
468 2163 551 2241 Vat,
580 2163 631 2238 qui
659 2183 725 2221 cum
754 2162 877 2238 reliquis
901 2161 976 2223 οοσα
999 2155 1117 2244 habet),
1147 2180 1218 2221 vera
1240 2165 1341 2221 tamen

167 2263 214 2316 est
237 2263 407 2319 correctura
430 2261 605 2319 confirmata
628 2281 688 2320 non
710 2261 807 2319 solum
836 2279 854 2318 s
877 2261 1029 2321 Demetrio
1058 2262 1094 2320 de
1117 2259 1233 2319 Elocut.
1258 2257 1278 2334 ξ
1299 2263 1339 2318 72

166 2349 304 2429 ὡσαύτως
327 2355 376 2417 καὶ
400 2352 431 2417 τὸ
448 2352 494 2436 ’μὴ
519 2353 640 2437 ἤπειρος
666 2352 741 2417 εἶναι
762 2351 793 2417 τδ
821 2358 1036 2419 Θουκυδίδειον
1065 2360 1132 2435 ipsa
1153 2360 1247 2419 verba
1270 2361 1339 2417 affe-

164 2457 262 2532 rente,
295 2455 346 2514 sed
376 2457 467 2514 etiam
498 2456 641 2533 Polyaeni
673 2460 705 2515 et
734 2456 870 2531 Procopii
902 2476 937 2515 ea
970 2457 1152 2516 imitantium
1185 2477 1338 2516 consensu.

166 2552 209 2611 Cf.
239 2554 316 2612 enim
344 2555 465 2631 Polyae.
490 2555 520 2613 II
550 2559 578 2632 2,
608 2559 627 2614 4
656 2553 791 2636 ἐλαχίστῳ
821 2552 1025 2634 διειργομένην
1052 2555 1150 2636 ἰσθμῷ
1178 2549 1217 2632 μὴ
1246 2559 1340 2630 νῆσον

165 2643 240 2708 εἶναι
264 2655 295 2709 et
317 2652 438 2728 Procop.
462 2652 499 2711 de
522 2654 593 2713 bell.
617 2654 698 2712 Pera.
721 2653 737 2710 I
763 2655 801 2712 19
830 2647 959 2737 τοσούτῳ
987 2647 1043 2732 γδιρ
1070 2652 1222 2731 διείργεται
1244 2645 1276 2711 τὸ
1300 2645 1339 2728 μὴ

165 2743 376 2820 ἐπιθαλάττιος
405 2743 494 2825 εἶναι,
523 2751 559 2808 de
586 2751 656 2809 bell.
682 2751 770 2810 Goth.
794 2751 809 2806 Ι
835 2755 850 2808 1
882 2751 969 2811 δυοῖν
997 2751 1128 2811 σταδίοιν
1154 2747 1339 2830 διειργομὲνη

165 2842 257 2924 μέτρῳ
285 2839 316 2905 τὸ
344 2841 384 2923 μὴ
412 2843 624 2918 ἕποδαλοίσσιος
652 2840 741 2924 εἶναι,
769 2849 784 2906 I
809 2851 849 2907 26
880 2846 972 2932 με’τριγ
1000 2843 1056 2929 γδιρ
1084 2845 1210 2931 τοσούτῳ
1238 2844 1270 2909 τὸ
1299 2843 1337 2926 μή

165 2940 361 3002 ἐπιθαλασσία
385 2937 460 3003 εἶναι
484 2944 637 3024 διείργεται
655 2938 764 3023 Ῥώμη,
787 2948 824 3005 de
847 2947 946 3006 Aedis.
965 2947 1008 3004 IV
1032 2951 1071 3006 10
1095 2946 1194 3029 ἰσθμῷ
1218 2946 1339 3025 διειργο-

166 3037 238 3118 μένιγ
264 3042 368 3119 βραχεῖ
385 3035 425 3119 μὴ
445 3043 537 3118 νῆσος
555 3037 741 3102 παντάπασιν
761 3036 843 3102 εἶναι.
881 3044 946 3102 Ηοο
965 3044 1060 3118 igitur
1078 3047 1142 3103 loco
1162 3064 1228 3102 cum
1248 3044 1341 3118 parli-

166 3139 276 3212 cipium
294 3140 466 3213 corruptela
483 3142 582 3197 ortum
602 3139 650 3214 sit,
674 3139 750 3196 VIII
771 3141 843 3216 105,
864 3142 881 3197 2
904 3141 1050 3198 librorum
1070 3141 1213 3199 memoria
1232 3141 1340 3198 discre-

165 3239 226 3310 pat.
278 3235 355 3292 Nam
388 3236 477 3294 multi
510 3236 592 3307 libri,
625 3236 704 3293 inter
735 3254 809 3310 quos
842 3236 932 3294 Laur.
965 3240 996 3294 et
1027 3238 1102 3314 Pal,
1136 3231 1253 3295 διώκειν
1285 3257 1339 3310 pro

169 3329 323 3406 διώκοντες
355 3335 481 3411 habent,
515 3337 546 3392 et
577 3333 791 3409 vituperandus
824 3337 871 3392 est
903 3333 1063 3392 Classenus
1095 3335 1173 3410 quod
1200 3333 1340 3393 Vaticani

166 3433 344 3491 auctoritate
372 3433 497 3491 nimium
526 3431 669 3507 confisuS,
703 3431 727 3490 si
755 3431 913 3507 quicquam
942 3433 1119 3491 mutandum
1147 3432 1201 3510 sit,
1231 3426 1280 3491 διδ
1307 3427 1339 3492 τὸ

144 3533 306 3608 ’κρατῆσαι
335 3532 464 3590 seribere
493 3533 609 3590 mavult
637 3550 726 3606 quam
753 3532 880 3589 alteram
908 3532 1040 3592 codicum
1064 3531 1142 3607 scrip
1144 3534 1243 3589 turam
1266 3534 1338 3591 reoi-

142 3649 250 3704 .pere,
283 3647 359 3704 quae
392 3631 480 3704 plane
513 3630 637 3688 eandem
671 3648 724 3687 sen
725 3629 850 3688 tentiam
883 3631 1017 3705 praebet.
1072 3630 1151 3689 Nam
1184 3621 1340 3700 διώκοντες

166 3730 249 3801 patet
275 3746 310 3785 ex
328 3746 505 3802 praegresso
524 3721 717 3805 κρατήσαντες
736 3730 836 3786 ortum
855 3748 920 3788 esse
941 3730 1046 3788 similit
1047 3750 1079 3788 er
1097 3732 1187 3805 atque
1208 3730 1250 3786 VI
1273 3734 1299 3805 1,
1319 3732 1337 3786 2

167 3813 241 3883 οὖσα
265 3845 300 3883 ex
325 3826 476 3899 superiore
500 3813 631 3899 οὗσα,ο
616 3828 646 3883 et
674 3825 739 3900 pari
768 3826 878 3885 vitio
870 3847 901 3884 m
925 3829 993 3886 Vat.
1016 3828 1060 3884 IV
1085 3831 1176 3899 35,1
1203 3816 1340 3902 ἆνοστρέ-

167 3945 273 3998 φοντες
291 3944 345 3999 pio
366 3916 603 3999 αναστρεφεσθαι
623 3922 686 3980 etl
707 3926 779 4000 141,
800 3926 846 3981 4“
839 3944 870 3982 111
891 3926 1027 3982 omnibus
1052 3925 1138 3982 libris
1161 3925 1339 4000 πληροῦντες

166 4043 220 4097 pro
249 4023 382 4098 πληροῦν
410 4022 554 4095 scriptum
584 4025 641 4093 est,
672 4020 749 4095 quod
778 4022 945 4080 certissima
972 4021 1178 4080 emendatione
1206 4020 1340 4078 restituit

166 4119 396 4177 Herwerdenus.
449 4118 559 4193 Utique
594 4119 639 4176 hic
674 4119 756 4176 locus
794 4119 832 4176 ad
869 4121 1009 4177 tuendam
1047 4121 1219 4177 abnormem
1255 4118 1338 4176 illam

167 4222 349 4276 structuram
369 4217 471 4274 afferri
492 4217 605 4291 nequit.
638 4216 722 4282 Quod
742 4215 780 4273 ad
797 4216 928 4290 reliquos
948 4219 1027 4276 locos
1046 4217 1164 4293 attinet,
1183 4216 1219 4273 de
1237 4216 1251 4272 Ι
1270 4220 1298 4289 2,
1319 4219 1337 4275 5

167 4315 327 4373 Classenus
356 4320 386 4371 et
410 4309 670 4372 Reifferselreidius
698 4332 815 4370 mecum
843 4314 1032 4370 consentiunt
1061 4310 1093 4370 ἐκ
1117 4315 1170 4372 τοῦ
1193 4311 1239 4371 ε’πὶ
1263 4319 1338 4373 πλεῖ-

167 4429 235 4470 στον
258 4412 439 4486 iungendum
465 4431 539 4487 esse,
563 4413 594 4468 et
613 4411 639 4468 V
661 4414 689 4487 7,
710 4414 728 4468 2
750 4409 1009 4470 Reifferscheidius
1033 4413 1238 4486 comprobavit
1260 4413 1337 4487 quod
