3022 4936
642 323 859 386 ..33-

164 482 209 568 (ΙΙ
234 491 306 559 938,
331 492 382 562 20,
413 509 471 565 quo
500 489 536 548 de
563 489 627 547 loco
655 488 690 546 cf.
715 488 855 548 Eustath.
883 509 912 563 p.
936 491 1013 561 531,
1044 491 1085 548 32
1115 492 1144 548 et
1167 488 1254 546 Dind.
1278 491 1335 548 lex.

164 586 253 661 Soph.
276 605 298 644 s.
317 580 360 665 v.)
383 586 612 661 pronuntiatum
635 603 701 643 esse
725 585 812 643 docet
836 579 942 663 (quare
966 586 1056 646 etiam
1080 591 1243 663 παρομοῑος
1266 587 1337 644 scri-

165 677 319 763 bendum),
343 687 374 742 ct
396 688 538 762 τροπαῖον
560 676 722 759 ἀσυνήθως
745 682 825 758 apud
849 683 902 741 Th.
926 681 1153 760 περισπωμένως
1176 684 1237 760 legi
1257 684 1337 742 affir-

164 782 227 838 mat
250 771 390 841 Eustatb.
414 802 442 856 p.
468 783 541 858 531,
567 782 607 839 38
632 781 722 855 idque
746 780 865 840 omnino
888 781 968 857 apud
991 785 1109 841 veteres
1132 783 1249 842 Atticos
1271 782 1336 839 fieri

164 878 251 937 docet
274 880 373 955 Etym.
398 899 495 955 magn.
520 899 547 954 p.
569 880 641 953 769,
668 880 707 936 15
733 879 902 936 accuratius
927 877 1070 938 definiens
1094 881 1171 954 quod
1194 879 1302 938 Herod.
1322 878 1338 935 I

165 978 238 1048 369,
263 979 281 1055 9
311 977 383 1035 dicit
409 969 551 1053 τρόπαιον
578 972 627 1033 καὶ
654 980 795 1052 τροπαῖον
820 969 961 1048 Ἀττικῶς.
1008 976 1084 1035 Cum
1106 978 1177 1036 libri
1200 976 1338 1052 plurimis

164 1073 236 1130 locis
250 1075 447 1133 recentiorem
462 1076 618 1133 accentum
633 1074 773 1145 habeant,
793 1075 957 1150 genuinum
975 1075 1035 1133 iam
1055 1076 1190 1134 restituit
1209 1075 1337 1131 Beklrer.

164 1169 284 1227 Pariter
313 1175 403 1247 atque
431 1165 557 1249 τριήρων
584 1170 773 1230 scribendum
796 1175 843 1230 est
866 1165 1067 1250 νεοδαμώδων
1095 1165 1191 1254 (οοδδ.
1216 1172 1338 1249 plurimi

166 1261 394 1349 νεοδαμωδων),
428 1271 452 1328 si
483 1269 638 1345 sequimur
664 1268 832 1328 Aristarchi
859 1274 1053 1346 praeceptum
1081 1271 1161 1346 apud
1189 1270 1299 1328 Herod.
1323 1269 1339 1326 I

167 1368 240 1438 428,
263 1369 311 1426 13.
350 1368 391 1426 οο
414 1361 585 1444 ίσοπλήθεις
604 1366 647 1423 VI
667 1368 717 1442 37,
742 1370 770 1443 1,
794 1388 847 1443 pro
871 1388 928 1444 quo
953 1369 1041 1426 multi
1064 1368 1134 1426 libri
1157 1367 1339 1444 ἰσοπληθεῖς,

166 1465 201 1524 of.
222 1466 331 1524 Herod.
356 1465 387 1523 ΙΙ
406 1468 479 1543 851,
500 1469 540 1526 35
565 1468 597 1525 et
620 1465 656 1524 de
680 1467 836 1541 θαλαμιῶν
855 1465 899 1523 IV
919 1468 970 1542 32,
994 1468 1013 1523 2
1038 1457 1144 1542 (vulgo
1168 1457 1339 1543 θαλαμίων)

166 1562 179 1618 Ι
202 1566 272 1640 119,
293 1565 343 1623 25.
367 1563 399 1621 II
419 1566 492 1641 853,
511 1566 539 1623 4.
566 1565 655 1622 Falso
679 1562 741 1621 Pal.
765 1566 909 1643 τρομητοῦ
932 1583 986 1638 pro
1009 1557 1153 1642 τρνγήιου
1177 1563 1220 1620 IV
1240 1565 1291 1638 84,
1313 1566 1339 1621 1.

166 1658 209 1718 Cf.
238 1660 348 1720 Herod.
376 1662 390 1719 l
419 1664 493 1739 220,
522 1664 549 1720 4,
581 1660 691 1736 Spitzn.
719 1661 842 1719 Excurs.
871 1661 953 1718 XXX
981 1662 1017 1719 ad
1048 1662 1135 1722 Hom.
1160 1662 1195 1720 Il.
1242 1661 1340 1718 Minus

166 1758 340 1818 confidimus
364 1759 527 1818 Herodiani
550 1763 708 1834 praecepto
732 1759 763 1816 ΙΙ
789 1761 861 1832 709,
884 1761 923 1817 21
949 1752 980 1818 ιδ
1005 1782 1016 1818 ι
1038 1757 1088 1818 καὶ
1110 1753 1142 1820 ιδ
1166 1783 1185 1818 ο
1208 1751 1265 1835 πρὸ
1288 1759 1341 1816 τοῦ

166 1856 181 1927 ξ
205 1849 345 1916 οὐδέποτε
370 1849 530 1934 εὑρίσκεται
554 1850 642 1931 φύσει
665 1847 777 1933 μακρά,
806 1857 888 1914 euius
917 1858 982 1931 ipse
1006 1859 1209 1933 exceptionem
1233 1856 1342 1916 statuit

166 1956 197 2011 in
220 1957 381 2029 augmento
405 1952 564 2027 temporali
589 1945 703 2030 (ίξενον
726 1955 861 2028 exemplo
884 1947 1006 2035 utitur),
1037 1956 1107 2030 quia
1131 1975 1148 2014 a
1171 1956 1250 2014 falsa
1272 1973 1341 2014 ana-

167 2051 249 2125 logia
281 2049 538 2109 substantivorum
569 2050 601 2108 in
634 2049 648 2120 ξ
680 2050 880 2109 desinentium
917 2045 1024 2133 (κῆρυξ
1060 2047 1203 2130 κήρῦκος,
1241 2050 1341 2128 φοῖνιξ

168 2141 318 2226 φοίνικος)
346 2148 466 2207 videtur
493 2146 616 2205 drictum
644 2166 715 2206 esee.
762 2147 842 2205 Nam
868 2149 899 2206 in
921 2152 1044 2227 papyris
1068 2150 1341 2209 Herculanensibus

169 2246 331 2303 identidem
355 2242 511 2322 ἐπιμειξία,
539 2245 722 2323 παραμείξει,
751 2245 859 2303 similia
882 2247 1067 2321 scribuntur,
1095 2247 1159 2321 ubi,
1183 2247 1241 2305 nisi
1265 2246 1342 2305 forte

168 2343 271 2401 credas
295 2344 445 2402 vetustam
470 2343 610 2419 formam,
637 2345 673 2401 de
697 2362 756 2420 qua
779 2342 858 2401 infra
881 2344 1009 2421 dicetur,
1037 2348 1186 2406 servatam
1211 2363 1288 2417 esse,
1317 2365 1342 2402 ει

167 2460 222 2516 pro
241 2463 251 2497 ι
275 2443 373 2517 longa,
398 2444 432 2499 ut
455 2442 639 2517 plerumque,
662 2442 782 2501 videtur
806 2461 880 2501 esse.
920 2443 1026 2520 Itaque
1049 2443 1174 2520 κηρῦξαι
1198 2442 1342 2518 διαψῦξαι

168 2539 356 2597 scribendum
376 2557 441 2598 esse
458 2543 607 2615 putamus.
644 2539 868 2615 Nonnunquam
887 2540 999 2601 diversi
1019 2560 1123 2600 sensus
1140 2539 1342 2615 distinguendi

167 2655 258 2695 causa
281 2641 419 2696 accentus
446 2638 588 2696 variatur.
635 2637 789 2696 Eiusmodi
817 2641 888 2696 sunt
915 2631 1046 2715 πόνηρος
1075 2642 1105 2696 et
1132 2630 1278 2714 πονηρός,
1306 2637 1342 2694 de

169 2735 276 2811 quibus
300 2735 411 2795 Herod.
434 2735 449 2792 Ι
475 2737 547 2809 197,
573 2737 613 2793 19
643 2731 737 2795 ἰστέον
766 2730 798 2793 δὲ
827 2728 870 2794 ὅτι
900 2729 931 2795 ιδ
959 2730 1091 2813 πόνηρος
1119 2732 1168 2794 καὶ
1191 2729 1343 2813 μόχθηρος

168 2829 199 2890 οἱ
216 2824 338 2890 Ἀιιικοὶ
357 2824 421 2890 σἰνιὶ
440 2834 491 2892 τοῦ
511 2825 629 2903 ὀξύνειν
647 2826 937 2911 προπαροξύνουσιν,
960 2827 1032 2892 ὅταν
1053 2827 1105 2893 τὸν
1127 2830 1272 2892 ἐπίπονον
1294 2827 1343 2889 καὶ

168 2926 333 3006 ἕπίμοχθον
366 2929 509 3012 σημαίνῃ,
543 2927 590 2989 ἐπὶ
622 2927 655 2990 δὲ
686 2933 745 2990 τῶν
777 2925 851 2990 κατὰ
883 2924 986 3010 ψυχὴν
1020 2926 1145 3006 φαύλων
1176 2921 1343 3001 ὀξύνουσιν.

168 3026 275 3101 Itaque
293 3027 353 3085 VII
369 3030 420 3103 83,
432 3030 460 3085 -4
479 3031 559 3086 recte
579 3047 681 3086 omnes
699 3028 770 3085 libri
788 3023 936 3105 πονήρως,
955 3027 1015 3085 VII
1034 3031 1085 3101 48,
1107 3031 1134 3087 1.
1157 3026 1232 3083 VIII
1252 3028 1303 3100 24,
1323 3026 1341 3085 5

170 3143 274 3182 eorum
293 3144 363 3198 pars
382 3119 512 3202 πόνηρα,
531 3124 607 3182 VIII
627 3128 678 3203 97,
698 3128 716 3183 2
736 3118 879 3202 πονήρων
897 3126 1121 3183 rescribendum
1140 3127 1195 3182 est.
1231 3122 1345 3181 Contra

169 3222 492 3298 idoneistestimoniis
522 3221 702 3280 destitutum
730 3225 776 3280 est
805 3216 915 3300 βρύχεα
942 3223 995 3279 ubi
1022 3223 1101 3281 vada
1129 3221 1344 3297 significantur,

170 3321 249 3394 quod
273 3321 389 3395 aliquot
411 3321 481 3378 libri
505 3319 536 3378 ΙΙ
560 3323 611 3396 91,
631 3322 651 3377 4
675 3320 797 3396 habent,
821 3339 880 3395 qua
904 3320 939 3378 de
962 3340 995 3378 re
1019 3320 1054 3378 of.
1079 3319 1152 3379 Lob.
1175 3319 1212 3377 ad
1233 3319 1343 3396 Phryn.

170 3439 197 3492 p.
232 3419 294 3478 536
311 3438 354 3494 sq.
411 3419 536 3494 Saepius
575 3421 698 3476 accentu
731 3418 958 3494 distinguuntur
996 3418 1116 3476 nomina
1151 3417 1274 3493 propria
1306 3417 1344 3474 ab

171 3516 371 3591 appellativis.
411 3517 460 3576 Sic
485 3516 594 3587 Φαλίος
618 3515 796 3574 discernitur
820 3534 837 3572 a
861 3509 967 3591 φαλιός
992 3507 1117 3597 (Herod.
1141 3515 1156 3572 I
1182 3517 1253 3587 123,
1279 3510 1345 3593 17),

171 3604 320 3692 Γογγύλος
348 3632 366 3671 a
392 3609 535 3694 μόγμνλος
563 3607 592 3692 (Ι
622 3615 694 3689 164,
722 3605 771 3691 4),
804 3612 918 3692 Τείχιον
948 3633 966 3671 a
993 3613 1099 3693 τειχίον
1127 3605 1156 3695 (Ι
1181 3615 1254 3691 358,
1280 3605 1345 3690 10),

172 3705 280 3789 ΠρωιηΙ
304 3731 322 3768 a
344 3706 444 3789 πρώτη
469 3704 497 3792 (Ι
518 3715 591 3789 343,
611 3704 678 3791 28),
703 3705 865 3790 Μόλοβρος
888 3731 906 3770 a
929 3703 1075 3790 μολοβρύς
1098 3705 1128 3791 (Ι
1152 3713 1226 3790 204,
1249 3711 1289 3769 25
1315 3712 1346 3766 ct

173 3813 246 3885 205,
262 3806 306 3890 4).
337 3810 427 3871 Codd.
447 3810 478 3867 in
496 3810 602 3867 horum
622 3810 775 3867 nominum
794 3813 918 3867 accentu
937 3810 1117 3885 discrepant.
1151 3808 1198 3865 Ad
1218 3806 1346 3865 similem

172 3910 392 3967 distinctionem
408 3907 540 3982 pertinet
553 3907 631 3981 quod
647 3908 683 3964 de
700 3906 938 3982 participialibus
958 3908 1045 3966 docet
1058 3905 1168 3964 Herod.
1184 3904 1199 3961 I
1216 3906 1286 3975 180,
1303 3904 1345 3960 24

172 4001 206 4066 ιδι
231 4000 279 4064 διδ
303 4006 354 4065 τοῦ
379 4026 466 4082 μενος
489 3997 624 4083 μετοχικδι
648 3998 817 4077 ὀξύνονιαι,
841 4003 867 4063 εί
888 3996 928 4080 μὴ
951 3997 1053 4074 πύθος
1075 4024 1101 4061 τι
1124 3998 1243 4080 γένηται
1266 3992 1347 4075 παρὰ

173 4098 227 4181 τὴν
241 4097 361 4180 φωνήν·
375 4098 438 4163 τότε
452 4096 508 4182 γὰρ
522 4095 782 4179 προπαροξύνεται.
805 4095 840 4159 tric
855 4098 887 4159 δὲ
901 4094 1027 4172 δξύτονα
1041 4103 1141 4159 ταῦτα·
1158 4088 1347 4174 Σιησαμενύς

171 4194 362 4277 Ἀκεσαμενός
378 4193 514 4278 Φαμενύς
525 4189 840 4274 ἸαμενόςΣωζομενός
850 4190 1017 4275 Δεξαμενός
1033 4189 1194 4274 Τισαμενός
1209 4197 1346 4254 Kreone-

174 4292 260 4376 μενός
286 4289 467 4376 Ἀρχομενός.
518 4291 551 4357 ιδ
575 4290 724 4372 Ἰάλμενος
751 4289 1002 4373 προπαροξύνεται
1032 4287 1072 4366 ὡς
1099 4286 1218 4368 παθόν,
1250 4288 1347 4370 ὥσπερ

174 4393 224 4454 καὶ
239 4390 380 4473 ’Όμμενος
400 4388 553 4474 Κλύμενος
572 4394 690 4472 ίκμενος
705 4387 856 4470 ’Ἀρμενος
887 4393 992 4469 Itaque
1008 4386 1171 4476 Ἐλλομενῷ
1190 4391 1236 4449 ΙΙΙ
1255 4395 1307 4467 94,
1329 4396 1343 4449 l

230 4503 322 4551 Suana,
338 4504 430 4554 Quaest.
445 4515 517 4553 gram.
1118 4497 1134 4545 3
