<?xml version="1.0" encoding="UTF-8"?>
<!DOCTYPE html PUBLIC "-//W3C//DTD XHTML 1.0 Transitional//EN"
    "http://www.w3.org/TR/xhtml1/DTD/xhtml1-transitional.dtd">
<html xmlns="http://www.w3.org/1999/xhtml" xml:lang="en" lang="en">
 <head>
  <title>
</title>
<meta http-equiv="Content-Type" content="text/html;charset=utf-8" />
  <meta name='ocr-system' content='tesseract 3.04.00' />
  <meta name='ocr-capabilities' content='ocr_page ocr_carea ocr_par ocr_line ocrx_word'/>
</head>
<body>
  <div class='ocr_page' id='page_1' title='image "./quaestionesgram02stahgoog_0022.png"; bbox 0 0 3022 4936; ppageno 0'>
   <div class='ocr_carea' id='block_1_1' title="bbox 649 334 864 398">
    <p class='ocr_par' dir='ltr' id='par_1_1' title="bbox 649 334 864 398">
     <span class='ocr_line' id='line_1_1' title="bbox 649 334 864 398; baseline 0.005 -18"><span class='ocrx_word' id='word_1_1' title='bbox 649 334 864 398; x_wconf 71' lang='lat'>..13-</span> 
     </span>
    </p>
   </div>
   <div class='ocr_carea' id='block_1_2' title="bbox 167 492 1343 1167">
    <p class='ocr_par' dir='ltr' id='par_1_2' title="bbox 167 492 1343 1167">
     <span class='ocr_line' id='line_1_2' title="bbox 172 492 1341 576; baseline 0.002 -18"><span class='ocrx_word' id='word_1_2' title='bbox 172 503 242 576; x_wconf 82' lang='lat'>143,</span> <span class='ocrx_word' id='word_1_3' title='bbox 268 501 286 558; x_wconf 91' lang='lat'>5</span> <span class='ocrx_word' id='word_1_4' title='bbox 318 519 384 559; x_wconf 90' lang='lat' dir='ltr'>cum</span> <span class='ocrx_word' id='word_1_5' title='bbox 411 499 442 559; x_wconf 92' lang='lat' dir='ltr'>vi</span> <span class='ocrx_word' id='word_1_6' title='bbox 469 499 596 575; x_wconf 82' lang='lat' dir='ltr'>perfecti</span> <span class='ocrx_word' id='word_1_7' title='bbox 623 499 660 556; x_wconf 90' lang='lat' dir='ltr'>ad</span> <span class='ocrx_word' id='word_1_8' title='bbox 683 492 820 556; x_wconf 86' lang='lat' dir='ltr'>futurum</span> <span class='ocrx_word' id='word_1_9' title='bbox 843 500 961 574; x_wconf 87' lang='lat' dir='ltr'>tempus</span> <span class='ocrx_word' id='word_1_10' title='bbox 984 502 1127 571; x_wconf 87' lang='lat' dir='ltr'>refertur:</span> <span class='ocrx_word' id='word_1_11' title='bbox 1157 502 1228 560; x_wconf 80' lang='lat' dir='ltr'>Eur.</span> <span class='ocrx_word' id='word_1_12' title='bbox 1252 501 1341 576; x_wconf 91' lang='lat' dir='ltr'>Hipp.</span> 
     </span>
     <span class='ocr_line' id='line_1_3' title="bbox 169 589 1341 675; baseline 0 -18"><span class='ocrx_word' id='word_1_13' title='bbox 169 601 210 658; x_wconf 79' lang='lat'>47</span> <span class='ocrx_word' id='word_1_14' title='bbox 230 591 249 675; x_wconf 76' lang='grc' dir='ltr'>ἡ</span> <span class='ocrx_word' id='word_1_15' title='bbox 270 592 298 656; x_wconf 87' lang='grc' dir='ltr'>δ’</span> <span class='ocrx_word' id='word_1_16' title='bbox 320 591 441 675; x_wconf 78' lang='grc' dir='ltr'><em>εὐκλεὴς</em></span> <span class='ocrx_word' id='word_1_17' title='bbox 461 594 522 674; x_wconf 83' lang='grc' dir='ltr'><em>με’ν,</em></span> <span class='ocrx_word' id='word_1_18' title='bbox 546 589 611 654; x_wconf 83' lang='grc' dir='ltr'><em>ἀλλ’</em></span> <span class='ocrx_word' id='word_1_19' title='bbox 633 590 713 672; x_wconf 74' lang='grc' dir='ltr'><em>ὅμως</em></span> <span class='ocrx_word' id='word_1_20' title='bbox 731 589 899 672; x_wconf 86' lang='grc' dir='ltr'><em>ἀπόλλυται,</em></span> <span class='ocrx_word' id='word_1_21' title='bbox 917 598 970 655; x_wconf 92' lang='lat' dir='ltr'>ubi</span> <span class='ocrx_word' id='word_1_22' title='bbox 988 591 1148 658; x_wconf 66' lang='lat' dir='ltr'>dediderat</span> <span class='ocrx_word' id='word_1_23' title='bbox 1165 618 1341 675; x_wconf 84' lang='lat' dir='ltr'>praegresso</span> 
     </span>
     <span class='ocr_line' id='line_1_4' title="bbox 167 687 1342 771; baseline 0.001 -19"><span class='ocrx_word' id='word_1_24' title='bbox 167 697 270 755; x_wconf 82' lang='lat' dir='ltr'>futuro</span> <span class='ocrx_word' id='word_1_25' title='bbox 291 701 388 755; x_wconf 83' lang='grc' dir='ltr'><em>κτενεῖ</em></span> <span class='ocrx_word' id='word_1_26' title='bbox 406 695 577 771; x_wconf 88' lang='lat' dir='ltr'>respondet,</span> <span class='ocrx_word' id='word_1_27' title='bbox 601 694 693 753; x_wconf 89' lang='lat' dir='ltr'>Arist.</span> <span class='ocrx_word' id='word_1_28' title='bbox 717 693 786 770; x_wconf 78' lang='lat' dir='ltr'>Pac.</span> <span class='ocrx_word' id='word_1_29' title='bbox 810 695 874 753; x_wconf 87' lang='grc'>250</span> <span class='ocrx_word' id='word_1_30' title='bbox 898 687 938 764; x_wconf 80' lang='grc' dir='ltr'>ὡς</span> <span class='ocrx_word' id='word_1_31' title='bbox 961 688 1125 755; x_wconf 86' lang='grc' dir='ltr'><em>ἀπόλλυσαι</em></span> <span class='ocrx_word' id='word_1_32' title='bbox 1148 715 1214 754; x_wconf 89' lang='lat' dir='ltr'>oum</span> <span class='ocrx_word' id='word_1_33' title='bbox 1238 696 1342 754; x_wconf 90' lang='lat' dir='ltr'>eodem</span> 
     </span>
     <span class='ocr_line' id='line_1_5' title="bbox 168 785 1343 871; baseline -0.001 -18"><span class='ocrx_word' id='word_1_34' title='bbox 168 813 257 853; x_wconf 89' lang='lat' dir='ltr'>sensu</span> <span class='ocrx_word' id='word_1_35' title='bbox 281 798 372 871; x_wconf 91' lang='lat' dir='ltr'>atque</span> <span class='ocrx_word' id='word_1_36' title='bbox 397 797 460 853; x_wconf 86' lang='grc'>243</span> <span class='ocrx_word' id='word_1_37' title='bbox 485 787 525 865; x_wconf 82' lang='grc' dir='ltr'>ὦς</span> <span class='ocrx_word' id='word_1_38' title='bbox 549 785 714 850; x_wconf 88' lang='grc' dir='ltr'><em>ἀπολεῖσθε.</em></span> <span class='ocrx_word' id='word_1_39' title='bbox 760 791 844 848; x_wconf 89' lang='lat' dir='ltr'>Nihil</span> <span class='ocrx_word' id='word_1_40' title='bbox 866 791 960 866; x_wconf 83' lang='lat' dir='ltr'>igitur</span> <span class='ocrx_word' id='word_1_41' title='bbox 983 792 1059 850; x_wconf 86' lang='lat' dir='ltr'>illud</span> <span class='ocrx_word' id='word_1_42' title='bbox 1081 794 1236 853; x_wconf 76' lang='lat' dir='ltr'>indicativi</span> <span class='ocrx_word' id='word_1_43' title='bbox 1258 813 1343 868; x_wconf 90' lang='lat' dir='ltr'>prae·</span> 
     </span>
     <span class='ocr_line' id='line_1_6' title="bbox 168 888 1342 967; baseline -0.001 -17"><span class='ocrx_word' id='word_1_44' title='bbox 168 894 261 950; x_wconf 88' lang='lat' dir='ltr'>sentis</span> <span class='ocrx_word' id='word_1_45' title='bbox 289 893 457 967; x_wconf 87' lang='lat' dir='ltr'>exemplum</span> <span class='ocrx_word' id='word_1_46' title='bbox 485 891 568 950; x_wconf 88' lang='lat' dir='ltr'>valet</span> <span class='ocrx_word' id='word_1_47' title='bbox 595 889 633 947; x_wconf 89' lang='lat' dir='ltr'>ad</span> <span class='ocrx_word' id='word_1_48' title='bbox 660 888 878 948; x_wconf 87' lang='lat' dir='ltr'>defendendum</span> <span class='ocrx_word' id='word_1_49' title='bbox 910 890 1024 947; x_wconf 87' lang='lat' dir='ltr'>nudum</span> <span class='ocrx_word' id='word_1_50' title='bbox 1051 891 1231 949; x_wconf 85' lang='lat' dir='ltr'>infinitivum</span> <span class='ocrx_word' id='word_1_51' title='bbox 1258 909 1342 965; x_wconf 88' lang='lat' dir='ltr'>prae-</span> 
     </span>
     <span class='ocr_line' id='line_1_7' title="bbox 170 983 1342 1071; baseline -0.003 -22"><span class='ocrx_word' id='word_1_52' title='bbox 170 992 263 1050; x_wconf 81' lang='lat' dir='ltr'>sentis</span> <span class='ocrx_word' id='word_1_53' title='bbox 283 991 363 1066; x_wconf 89' lang='lat' dir='ltr'>apud</span> <span class='ocrx_word' id='word_1_54' title='bbox 383 991 474 1048; x_wconf 84' lang='lat' dir='ltr'>Thuc.</span> <span class='ocrx_word' id='word_1_55' title='bbox 494 990 509 1047; x_wconf 93' lang='lat' dir='ltr'>I</span> <span class='ocrx_word' id='word_1_56' title='bbox 529 991 637 1064; x_wconf 83' lang='grc'>127,1</span> <span class='ocrx_word' id='word_1_57' title='bbox 664 987 827 1065; x_wconf 79' lang='grc' dir='ltr'><em>νομίζοντες</em></span> <span class='ocrx_word' id='word_1_58' title='bbox 850 983 1024 1059; x_wconf 79' lang='grc' dir='ltr'><strong><em>ἐκπεσόντος</em></strong></span> <span class='ocrx_word' id='word_1_59' title='bbox 1047 983 1139 1048; x_wconf 82' lang='grc' dir='ltr'><em>αὐτοῦ</em></span> <span class='ocrx_word' id='word_1_60' title='bbox 1162 989 1236 1071; x_wconf 76' lang='grc' dir='ltr'><em>ῥᾷον</em></span> <span class='ocrx_word' id='word_1_61' title='bbox 1259 988 1342 1064; x_wconf 90' lang='grc' dir='ltr'><em>σφίσι</em></span> 
     </span>
     <span class='ocr_line' id='line_1_8' title="bbox 168 1078 1341 1167; baseline -0.003 -20"><span class='ocrx_word' id='word_1_62' title='bbox 168 1092 333 1167; x_wconf 80' lang='grc' dir='ltr'><em>προχωρεῖν</em></span> <span class='ocrx_word' id='word_1_63' title='bbox 360 1081 395 1146; x_wconf 82' lang='grc' dir='ltr'>τδι</span> <span class='ocrx_word' id='word_1_64' title='bbox 423 1081 482 1147; x_wconf 88' lang='grc' dir='ltr'>ἀπδ</span> <span class='ocrx_word' id='word_1_65' title='bbox 510 1088 569 1146; x_wconf 83' lang='grc' dir='ltr'><em>τῶν</em></span> <span class='ocrx_word' id='word_1_66' title='bbox 593 1080 778 1162; x_wconf 80' lang='grc' dir='ltr'><em>Ἀθηναίων,</em></span> <span class='ocrx_word' id='word_1_67' title='bbox 811 1085 864 1143; x_wconf 88' lang='lat' dir='ltr'>ubi</span> <span class='ocrx_word' id='word_1_68' title='bbox 891 1083 964 1167; x_wconf 75' lang='grc' dir='ltr'><em>ῥᾷον</em></span> <span class='ocrx_word' id='word_1_69' title='bbox 992 1078 1030 1144; x_wconf 81' lang='grc' dir='ltr'><em>ἀν</em></span> <span class='ocrx_word' id='word_1_70' title='bbox 1059 1086 1247 1144; x_wconf 88' lang='lat' dir='ltr'>scribendum</span> <span class='ocrx_word' id='word_1_71' title='bbox 1276 1104 1341 1144; x_wconf 87' lang='lat' dir='ltr'>esse</span> 
     </span>
    </p>
   </div>
   <div class='ocr_carea' id='block_1_3' title="bbox 164 1176 1343 2828">
    <p class='ocr_par' dir='ltr' id='par_1_3' title="bbox 164 1176 1343 2828">
     <span class='ocr_line' id='line_1_9' title="bbox 168 1176 1341 1296; baseline -0.003 -51"><span class='ocrx_word' id='word_1_72' title='bbox 168 1206 260 1262; x_wconf 90' lang='lat' dir='ltr'>supra</span> <span class='ocrx_word' id='word_1_73' title='bbox 282 1188 357 1260; x_wconf 82' lang='lat' dir='ltr'>dixi3</span> <span class='ocrx_word' id='word_1_74' title='bbox 383 1186 458 1244; x_wconf 88' lang='lat' dir='ltr'>nihil</span> <span class='ocrx_word' id='word_1_75' title='bbox 481 1186 573 1244; x_wconf 86' lang='lat' dir='ltr'>etiam</span> <span class='ocrx_word' id='word_1_76' title='bbox 597 1185 635 1242; x_wconf 87' lang='lat' dir='ltr'>ad</span> <span class='ocrx_word' id='word_1_77' title='bbox 658 1183 803 1243; x_wconf 86' lang='lat' dir='ltr'>tuendum</span> <span class='ocrx_word' id='word_1_78' title='bbox 825 1176 957 1250; x_wconf 78' lang='grc' dir='ltr'><em>κολάζειν</em></span> <span class='ocrx_word' id='word_1_79' title='bbox 980 1180 1035 1240; x_wconf 83' lang='grc' dir='ltr'>ΙΙΙ</span> <span class='ocrx_word' id='word_1_80' title='bbox 1051 1183 1103 1259; x_wconf 83' lang='grc'>52,</span> <span class='ocrx_word' id='word_1_81' title='bbox 1128 1186 1145 1240; x_wconf 93' lang='grc'>2</span> <span class='ocrx_word' id='word_1_82' title='bbox 1171 1182 1197 1241; x_wconf 89' lang='grc' dir='ltr'>εἰ</span> <span class='ocrx_word' id='word_1_83' title='bbox 1217 1177 1341 1296; x_wconf 86' lang='grc' dir='ltr'><em>βούλον-</em></span> 
     </span>
     <span class='ocr_line' id='line_1_10' title="bbox 168 1272 1341 1371; baseline -0.003 -29"><span class='ocrx_word' id='word_1_84' title='bbox 168 1307 214 1344; x_wconf 88' lang='grc' dir='ltr'>ται</span> <span class='ocrx_word' id='word_1_85' title='bbox 232 1277 470 1362; x_wconf 85' lang='grc' dir='ltr'><em>παραδοῦναι</em></span> <span class='ocrx_word' id='word_1_86' title='bbox 440 1305 495 1361; x_wconf 78' lang='grc' dir='ltr'><em>την</em></span> <span class='ocrx_word' id='word_1_87' title='bbox 512 1277 652 1342; x_wconf 89' lang='grc' dir='ltr'><em>πόλιν.</em></span> <span class='ocrx_word' id='word_1_88' title='bbox 646 1325 690 1357; x_wconf 95' lang='grc'><em>.,</em></span> <span class='ocrx_word' id='word_1_89' title='bbox 713 1274 782 1350; x_wconf 88' lang='grc' dir='ltr'><em>τούς</em></span> <span class='ocrx_word' id='word_1_90' title='bbox 799 1300 828 1336; x_wconf 87' lang='grc' dir='ltr'>τε</span> <span class='ocrx_word' id='word_1_91' title='bbox 847 1272 970 1350; x_wconf 89' lang='grc' dir='ltr'><em>ἀδίκους</em></span> <span class='ocrx_word' id='word_1_92' title='bbox 988 1273 1132 1371; x_wconf 74' lang='grc' dir='ltr'><em>κολάζειν,</em></span> <span class='ocrx_word' id='word_1_93' title='bbox 1155 1274 1235 1356; x_wconf 83' lang='grc' dir='ltr'><em>παρὰ</em></span> <span class='ocrx_word' id='word_1_94' title='bbox 1255 1279 1341 1357; x_wconf 85' lang='grc' dir='ltr'><em>δίκην</em></span> 
     </span>
     <span class='ocr_line' id='line_1_11' title="bbox 169 1361 1341 1459; baseline -0.003 -18"><span class='ocrx_word' id='word_1_95' title='bbox 169 1379 201 1442; x_wconf 82' lang='grc' dir='ltr'>δὲ</span> <span class='ocrx_word' id='word_1_96' title='bbox 225 1377 343 1457; x_wconf 83' lang='grc' dir='ltr'><em>οὐδένα,</em></span> <span class='ocrx_word' id='word_1_97' title='bbox 369 1383 422 1441; x_wconf 91' lang='lat' dir='ltr'>ubi</span> <span class='ocrx_word' id='word_1_98' title='bbox 445 1382 582 1459; x_wconf 86' lang='lat' dir='ltr'>Krueger</span> <span class='ocrx_word' id='word_1_99' title='bbox 604 1376 739 1443; x_wconf 78' lang='grc' dir='ltr'><em>κολάσειν</em></span> <span class='ocrx_word' id='word_1_100' title='bbox 764 1377 906 1452; x_wconf 89' lang='lat' dir='ltr'>optimo&#39;</span> <span class='ocrx_word' id='word_1_101' title='bbox 899 1398 964 1435; x_wconf 81' lang='lat' dir='ltr'>rure</span> <span class='ocrx_word' id='word_1_102' title='bbox 987 1361 1130 1439; x_wconf 80' lang='lat' dir='ltr'>restituit.</span> <span class='ocrx_word' id='word_1_103' title='bbox 1177 1379 1218 1435; x_wconf 83' lang='lat' dir='ltr'>Et</span> <span class='ocrx_word' id='word_1_104' title='bbox 1240 1379 1267 1436; x_wconf 88' lang='lat' dir='ltr'>si</span> <span class='ocrx_word' id='word_1_105' title='bbox 1288 1378 1341 1437; x_wconf 87' lang='lat' dir='ltr'>illa</span> 
     </span>
     <span class='ocr_line' id='line_1_12' title="bbox 167 1475 1343 1594; baseline -0.004 -55"><span class='ocrx_word' id='word_1_106' title='bbox 167 1482 284 1539; x_wconf 88' lang='lat' dir='ltr'>dicendi</span> <span class='ocrx_word' id='word_1_107' title='bbox 311 1482 426 1541; x_wconf 85' lang='lat' dir='ltr'>ratione</span> <span class='ocrx_word' id='word_1_108' title='bbox 454 1483 499 1540; x_wconf 90' lang='lat' dir='ltr'>uti</span> <span class='ocrx_word' id='word_1_109' title='bbox 527 1481 671 1540; x_wconf 89' lang='lat' dir='ltr'>voluisset</span> <span class='ocrx_word' id='word_1_110' title='bbox 694 1479 785 1537; x_wconf 86' lang='lat' dir='ltr'>Thuc.</span> <span class='ocrx_word' id='word_1_111' title='bbox 810 1477 868 1534; x_wconf 91' lang='lat' dir='ltr'>VII</span> <span class='ocrx_word' id='word_1_112' title='bbox 893 1479 944 1548; x_wconf 83' lang='lat'>56,</span> <span class='ocrx_word' id='word_1_113' title='bbox 969 1481 987 1535; x_wconf 82' lang='lat'><strong>2</strong></span> <span class='ocrx_word' id='word_1_114' title='bbox 1016 1477 1245 1594; x_wconf 80' lang='grc' dir='ltr'><em>νομίζογτες..</em></span> <span class='ocrx_word' id='word_1_115' title='bbox 1271 1518 1292 1552; x_wconf 94' lang='grc'><em>,</em></span> <span class='ocrx_word' id='word_1_116' title='bbox 1316 1475 1343 1535; x_wconf 91' lang='grc' dir='ltr'>ει</span> 
     </span>
     <span class='ocr_line' id='line_1_13' title="bbox 167 1568 1341 1656; baseline -0.005 -19"><span class='ocrx_word' id='word_1_117' title='bbox 167 1572 306 1637; x_wconf 75' lang='grc' dir='ltr'><em>δύναιντο</em></span> <span class='ocrx_word' id='word_1_118' title='bbox 330 1581 470 1656; x_wconf 78' lang='grc' dir='ltr'><em>κρατῆσαι</em></span> <span class='ocrx_word' id='word_1_119' title='bbox 489 1571 661 1654; x_wconf 76' lang='grc' dir='ltr'><em>Ἀθηναίων</em></span> <span class='ocrx_word' id='word_1_120' title='bbox 682 1626 688 1638; x_wconf 92' lang='grc'><strong>.</strong></span> <span class='ocrx_word' id='word_1_121' title='bbox 707 1624 714 1637; x_wconf 93' lang='grc'><strong>.</strong></span> <span class='ocrx_word' id='word_1_122' title='bbox 735 1619 752 1651; x_wconf 91' lang='grc'><em>.,</em></span> <span class='ocrx_word' id='word_1_123' title='bbox 776 1568 868 1634; x_wconf 82' lang='grc' dir='ltr'><em>καλὸν</em></span> <span class='ocrx_word' id='word_1_124' title='bbox 887 1569 1036 1651; x_wconf 90' lang='grc' dir='ltr'><em>σφίσιν</em></span> <span class='ocrx_word' id='word_1_125' title='bbox 1009 1598 1040 1634; x_wconf 91' lang='grc' dir='ltr'>το</span> <span class='ocrx_word' id='word_1_126' title='bbox 1065 1569 1216 1653; x_wconf 74' lang='grc' dir='ltr'><em>ἀγώνισμα</em></span> <span class='ocrx_word' id='word_1_127' title='bbox 1240 1579 1341 1650; x_wconf 88' lang='grc' dir='ltr'><em>φανεῖ-</em></span> 
     </span>
     <span class='ocr_line' id='line_1_14' title="bbox 166 1665 1342 1755; baseline -0.003 -21"><span class='ocrx_word' id='word_1_128' title='bbox 166 1680 251 1748; x_wconf 74' lang='grc' dir='ltr'><em>σθαιζ</em></span> <span class='ocrx_word' id='word_1_129' title='bbox 279 1667 348 1747; x_wconf 89' lang='grc' dir='ltr'><em>τούς</em></span> <span class='ocrx_word' id='word_1_130' title='bbox 375 1697 404 1735; x_wconf 86' lang='grc' dir='ltr'>τε</span> <span class='ocrx_word' id='word_1_131' title='bbox 431 1669 487 1755; x_wconf 84' lang='grc' dir='ltr'>γάρ</span> <span class='ocrx_word' id='word_1_132' title='bbox 515 1670 622 1747; x_wconf 87' lang='grc' dir='ltr'><em>άλλυυς</em></span> <span class='ocrx_word' id='word_1_133' title='bbox 642 1665 789 1752; x_wconf 83' lang='grc' dir='ltr'><em>Ἕλληνας</em></span> <span class='ocrx_word' id='word_1_134' title='bbox 813 1667 906 1744; x_wconf 82' lang='grc' dir='ltr'><em>εὐθὺς</em></span> <span class='ocrx_word' id='word_1_135' title='bbox 927 1667 997 1744; x_wconf 83' lang='grc' dir='ltr'>τούς</span> <span class='ocrx_word' id='word_1_136' title='bbox 1022 1669 1075 1751; x_wconf 73' lang='grc' dir='ltr'><em>μὲν</em></span> <span class='ocrx_word' id='word_1_137' title='bbox 1098 1671 1342 1750; x_wconf 79' lang='grc' dir='ltr'><em>ἐλευθερούσθω,</em></span> 
     </span>
     <span class='ocr_line' id='line_1_15' title="bbox 166 1764 1342 1852; baseline -0.003 -20"><span class='ocrx_word' id='word_1_138' title='bbox 166 1768 234 1845; x_wconf 88' lang='grc' dir='ltr'>τούς</span> <span class='ocrx_word' id='word_1_139' title='bbox 262 1769 294 1832; x_wconf 78' lang='grc' dir='ltr'>δὲ</span> <span class='ocrx_word' id='word_1_140' title='bbox 322 1767 422 1852; x_wconf 89' lang='grc' dir='ltr'><em>φόβου</em></span> <span class='ocrx_word' id='word_1_141' title='bbox 451 1764 651 1847; x_wconf 88' lang='grc' dir='ltr'><em>ἀπολύεσθαι,</em></span> <span class='ocrx_word' id='word_1_142' title='bbox 678 1773 730 1829; x_wconf 92' lang='lat' dir='ltr'>ubi</span> <span class='ocrx_word' id='word_1_143' title='bbox 759 1767 812 1849; x_wconf 77' lang='grc' dir='ltr'><em>μὲν</em></span> <span class='ocrx_word' id='word_1_144' title='bbox 839 1764 878 1830; x_wconf 84' lang='grc' dir='ltr'><em>ἀν</em></span> <span class='ocrx_word' id='word_1_145' title='bbox 905 1772 1130 1831; x_wconf 86' lang='lat' dir='ltr'>rescribendum</span> <span class='ocrx_word' id='word_1_146' title='bbox 1159 1791 1224 1831; x_wconf 87' lang='lat' dir='ltr'>esse</span> <span class='ocrx_word' id='word_1_147' title='bbox 1251 1791 1342 1847; x_wconf 89' lang='lat' dir='ltr'>supra</span> 
     </span>
     <span class='ocr_line' id='line_1_16' title="bbox 166 1863 1341 1947; baseline -0.001 -18"><span class='ocrx_word' id='word_1_148' title='bbox 166 1872 265 1947; x_wconf 90' lang='lat' dir='ltr'>docui,</span> <span class='ocrx_word' id='word_1_149' title='bbox 294 1873 394 1946; x_wconf 84' lang='lat' dir='ltr'>potius</span> <span class='ocrx_word' id='word_1_150' title='bbox 427 1865 653 1947; x_wconf 76' lang='grc' dir='ltr'><em>ἠλευθερῶσθαι</em></span> <span class='ocrx_word' id='word_1_151' title='bbox 686 1874 717 1928; x_wconf 88' lang='lat' dir='ltr'>et</span> <span class='ocrx_word' id='word_1_152' title='bbox 748 1863 950 1928; x_wconf 81' lang='grc' dir='ltr'><em>ἀπολελύσθαι</em></span> <span class='ocrx_word' id='word_1_153' title='bbox 982 1871 1159 1945; x_wconf 78' lang='lat' dir='ltr'>scripsisset</span> <span class='ocrx_word' id='word_1_154' title='bbox 1211 1871 1341 1928; x_wconf 79' lang='lat' dir='ltr'>Maxime</span> 
     </span>
     <span class='ocr_line' id='line_1_17' title="bbox 167 1959 1337 2046; baseline -0.003 -19"><span class='ocrx_word' id='word_1_155' title='bbox 167 1973 269 2029; x_wconf 88' lang='lat' dir='ltr'>autem</span> <span class='ocrx_word' id='word_1_156' title='bbox 288 1971 386 2026; x_wconf 88' lang='lat' dir='ltr'>aliena</span> <span class='ocrx_word' id='word_1_157' title='bbox 405 1970 452 2026; x_wconf 87' lang='lat' dir='ltr'>est</span> <span class='ocrx_word' id='word_1_158' title='bbox 471 1987 506 2025; x_wconf 86' lang='lat' dir='ltr'>ea</span> <span class='ocrx_word' id='word_1_159' title='bbox 523 1968 733 2042; x_wconf 74' lang='lat' dir='ltr'>interpretatio</span> <span class='ocrx_word' id='word_1_160' title='bbox 753 1985 771 2024; x_wconf 89' lang='lat' dir='ltr'>a</span> <span class='ocrx_word' id='word_1_161' title='bbox 790 1968 943 2041; x_wconf 82' lang='lat' dir='ltr'>praesenti</span> <span class='ocrx_word' id='word_1_162' title='bbox 962 1959 1150 2046; x_wconf 77' lang='grc' dir='ltr'><em>διαφθείρειν</em></span> <span class='ocrx_word' id='word_1_163' title='bbox 1169 1968 1211 2025; x_wconf 93' lang='lat' dir='ltr'>IV</span> <span class='ocrx_word' id='word_1_164' title='bbox 1234 1970 1337 2038; x_wconf 83' lang='grc'>127,1</span> 
     </span>
     <span class='ocr_line' id='line_1_18' title="bbox 167 2058 1341 2143; baseline -0.003 -19"><span class='ocrx_word' id='word_1_165' title='bbox 167 2066 338 2142; x_wconf 89' lang='grc' dir='ltr'><em>νομίσαντες</em></span> <span class='ocrx_word' id='word_1_166' title='bbox 361 2059 483 2143; x_wconf 81' lang='grc' dir='ltr'><em>φεύγειν</em></span> <span class='ocrx_word' id='word_1_167' title='bbox 505 2086 533 2123; x_wconf 93' lang='grc' dir='ltr'>τε</span> <span class='ocrx_word' id='word_1_168' title='bbox 557 2058 648 2123; x_wconf 86' lang='grc' dir='ltr'><em>αὐτὸν</em></span> <span class='ocrx_word' id='word_1_169' title='bbox 671 2061 720 2122; x_wconf 88' lang='grc' dir='ltr'>καλ</span> <span class='ocrx_word' id='word_1_170' title='bbox 743 2058 955 2142; x_wconf 83' lang='grc' dir='ltr'><em>καταλαβόντες</em></span> <span class='ocrx_word' id='word_1_171' title='bbox 979 2064 1182 2142; x_wconf 82' lang='grc' dir='ltr'><em>διαφθείρειν,</em></span> <span class='ocrx_word' id='word_1_172' title='bbox 1205 2085 1259 2139; x_wconf 89' lang='lat' dir='ltr'>pro</span> <span class='ocrx_word' id='word_1_173' title='bbox 1283 2083 1341 2139; x_wconf 91' lang='lat' dir='ltr'>quo</span> 
     </span>
     <span class='ocr_line' id='line_1_19' title="bbox 167 2160 1341 2239; baseline 0.001 -19"><span class='ocrx_word' id='word_1_174' title='bbox 167 2164 298 2221; x_wconf 88' lang='lat' dir='ltr'>dubitari</span> <span class='ocrx_word' id='word_1_175' title='bbox 321 2181 379 2221; x_wconf 93' lang='lat' dir='ltr'>non</span> <span class='ocrx_word' id='word_1_176' title='bbox 403 2167 504 2238; x_wconf 88' lang='lat' dir='ltr'>potest</span> <span class='ocrx_word' id='word_1_177' title='bbox 522 2164 594 2238; x_wconf 87' lang='lat' dir='ltr'>quin</span> <span class='ocrx_word' id='word_1_178' title='bbox 613 2161 744 2220; x_wconf 81' lang='lat' dir='ltr'>Cobetus</span> <span class='ocrx_word' id='word_1_179' title='bbox 764 2165 843 2220; x_wconf 88' lang='lat' dir='ltr'>recte</span> <span class='ocrx_word' id='word_1_180' title='bbox 864 2160 1039 2239; x_wconf 85' lang='grc' dir='ltr'><em>διαφθερεῖν</em></span> <span class='ocrx_word' id='word_1_181' title='bbox 1057 2163 1234 2235; x_wconf 87' lang='lat' dir='ltr'>restituerit,</span> <span class='ocrx_word' id='word_1_182' title='bbox 1257 2183 1341 2239; x_wconf 88' lang='lat' dir='ltr'>prae-</span> 
     </span>
     <span class='ocr_line' id='line_1_20' title="bbox 167 2253 1343 2339; baseline 0.002 -21"><span class='ocrx_word' id='word_1_183' title='bbox 167 2261 270 2319; x_wconf 88' lang='lat' dir='ltr'>sertim</span> <span class='ocrx_word' id='word_1_184' title='bbox 299 2279 366 2318; x_wconf 89' lang='lat' dir='ltr'>cum</span> <span class='ocrx_word' id='word_1_185' title='bbox 392 2253 514 2339; x_wconf 79' lang='grc' dir='ltr'><em>φεύγειν</em></span> <span class='ocrx_word' id='word_1_186' title='bbox 542 2261 653 2319; x_wconf 88' lang='lat' dir='ltr'>diversi</span> <span class='ocrx_word' id='word_1_187' title='bbox 682 2260 825 2334; x_wconf 90' lang='lat' dir='ltr'>temporis</span> <span class='ocrx_word' id='word_1_188' title='bbox 854 2259 902 2320; x_wconf 87' lang='lat' dir='ltr'>sit.</span> <span class='ocrx_word' id='word_1_189' title='bbox 953 2260 1065 2320; x_wconf 81' lang='lat' dir='ltr'>Contra</span> <span class='ocrx_word' id='word_1_190' title='bbox 1097 2279 1217 2319; x_wconf 86' lang='lat' dir='ltr'>causam</span> <span class='ocrx_word' id='word_1_191' title='bbox 1249 2262 1343 2320; x_wconf 87' lang='lat' dir='ltr'>habet</span> 
     </span>
     <span class='ocr_line' id='line_1_21' title="bbox 165 2349 1341 2434; baseline 0.001 -19"><span class='ocrx_word' id='word_1_192' title='bbox 165 2359 263 2416; x_wconf 90' lang='lat' dir='ltr'>nudus</span> <span class='ocrx_word' id='word_1_193' title='bbox 291 2358 455 2417; x_wconf 89' lang='lat' dir='ltr'>infinitivus</span> <span class='ocrx_word' id='word_1_194' title='bbox 483 2357 650 2433; x_wconf 86' lang='lat' dir='ltr'>praesentis</span> <span class='ocrx_word' id='word_1_195' title='bbox 673 2357 733 2414; x_wconf 89' lang='lat' dir='ltr'>VII</span> <span class='ocrx_word' id='word_1_196' title='bbox 758 2358 787 2432; x_wconf 86' lang='lat'>8,</span> <span class='ocrx_word' id='word_1_197' title='bbox 813 2359 828 2415; x_wconf 91' lang='lat'>1</span> <span class='ocrx_word' id='word_1_198' title='bbox 860 2356 987 2434; x_wconf 78' lang='grc' dir='ltr'><em>νομίζων</em></span> <span class='ocrx_word' id='word_1_199' title='bbox 1015 2355 1047 2416; x_wconf 76' lang='grc' dir='ltr'><em>ἐν</em></span> <span class='ocrx_word' id='word_1_200' title='bbox 1075 2357 1184 2428; x_wconf 87' lang='grc' dir='ltr'><em>δεινοῖς</em></span> <span class='ocrx_word' id='word_1_201' title='bbox 1211 2377 1241 2415; x_wconf 92' lang='grc' dir='ltr'>τε</span> <span class='ocrx_word' id='word_1_202' title='bbox 1266 2349 1341 2416; x_wconf 81' lang='grc' dir='ltr'><em>εἶναι</em></span> 
     </span>
     <span class='ocr_line' id='line_1_22' title="bbox 165 2447 1341 2536; baseline 0 -24"><span class='ocrx_word' id='word_1_203' title='bbox 165 2455 228 2529; x_wconf 91' lang='grc' dir='ltr'><em>καί,</em></span> <span class='ocrx_word' id='word_1_204' title='bbox 256 2454 283 2513; x_wconf 83' lang='grc' dir='ltr'>εἰ</span> <span class='ocrx_word' id='word_1_205' title='bbox 305 2448 344 2532; x_wconf 77' lang='grc' dir='ltr'>μὴ</span> <span class='ocrx_word' id='word_1_206' title='bbox 370 2447 410 2526; x_wconf 83' lang='grc' dir='ltr'>ὡς</span> <span class='ocrx_word' id='word_1_207' title='bbox 432 2450 550 2534; x_wconf 83' lang='grc' dir='ltr'><em>τάχιστα</em></span> <span class='ocrx_word' id='word_1_208' title='bbox 572 2447 592 2532; x_wconf 75' lang='grc' dir='ltr'>ἢ</span> <span class='ocrx_word' id='word_1_209' title='bbox 616 2457 694 2530; x_wconf 87' lang='grc' dir='ltr'>σφᾶς</span> <span class='ocrx_word' id='word_1_210' title='bbox 717 2451 959 2532; x_wconf 76' lang='grc' dir='ltr'><em>μεταπέμψουσιν</em></span> <span class='ocrx_word' id='word_1_211' title='bbox 981 2448 1000 2531; x_wconf 75' lang='grc' dir='ltr'>ἢ</span> <span class='ocrx_word' id='word_1_212' title='bbox 1029 2450 1137 2526; x_wconf 87' lang='grc' dir='ltr'><em>ἀλλους</em></span> <span class='ocrx_word' id='word_1_213' title='bbox 1160 2447 1199 2531; x_wconf 78' lang='grc' dir='ltr'>μὴ</span> <span class='ocrx_word' id='word_1_214' title='bbox 1224 2447 1341 2536; x_wconf 73' lang='grc' dir='ltr'><em>ᾆβίγους</em></span> 
     </span>
     <span class='ocr_line' id='line_1_23' title="bbox 165 2545 1340 2630; baseline -0.001 -20"><span class='ocrx_word' id='word_1_215' title='bbox 165 2546 389 2628; x_wconf 84' lang='grc' dir='ltr'><em>άποστελούσιν,</em></span> <span class='ocrx_word' id='word_1_216' title='bbox 422 2547 564 2630; x_wconf 79' lang='grc' dir='ltr'><em>οὐδεμίαν</em></span> <span class='ocrx_word' id='word_1_217' title='bbox 594 2545 670 2612; x_wconf 82' lang='grc' dir='ltr'><em>εἶναι</em></span> <span class='ocrx_word' id='word_1_218' title='bbox 699 2552 856 2630; x_wconf 78' lang='grc' dir='ltr'><em>σωτηρίαν,</em></span> <span class='ocrx_word' id='word_1_219' title='bbox 889 2573 956 2612; x_wconf 88' lang='lat' dir='ltr'>cum</span> <span class='ocrx_word' id='word_1_220' title='bbox 987 2573 1094 2613; x_wconf 84' lang='lat' dir='ltr'>revera</span> <span class='ocrx_word' id='word_1_221' title='bbox 1126 2552 1156 2609; x_wconf 90' lang='lat' dir='ltr'>in</span> <span class='ocrx_word' id='word_1_222' title='bbox 1189 2553 1340 2626; x_wconf 82' lang='lat' dir='ltr'>praesenti</span> 
     </span>
     <span class='ocr_line' id='line_1_24' title="bbox 164 2650 1339 2727; baseline 0.001 -20"><span class='ocrx_word' id='word_1_223' title='bbox 164 2650 296 2708; x_wconf 91' lang='lat' dir='ltr'>nondum</span> <span class='ocrx_word' id='word_1_224' title='bbox 324 2652 456 2710; x_wconf 86' lang='lat' dir='ltr'>habeant</span> <span class='ocrx_word' id='word_1_225' title='bbox 486 2671 545 2727; x_wconf 91' lang='lat' dir='ltr'>quo</span> <span class='ocrx_word' id='word_1_226' title='bbox 573 2671 604 2710; x_wconf 92' lang='lat' dir='ltr'>se</span> <span class='ocrx_word' id='word_1_227' title='bbox 633 2657 767 2725; x_wconf 86' lang='lat' dir='ltr'>servent,</span> <span class='ocrx_word' id='word_1_228' title='bbox 797 2652 849 2710; x_wconf 91' lang='lat' dir='ltr'>sed</span> <span class='ocrx_word' id='word_1_229' title='bbox 877 2655 942 2709; x_wconf 88' lang='lat' dir='ltr'>tum</span> <span class='ocrx_word' id='word_1_230' title='bbox 971 2651 1090 2709; x_wconf 86' lang='lat' dir='ltr'>demum</span> <span class='ocrx_word' id='word_1_231' title='bbox 1114 2651 1248 2709; x_wconf 89' lang='lat' dir='ltr'>habituri</span> <span class='ocrx_word' id='word_1_232' title='bbox 1271 2652 1339 2726; x_wconf 87' lang='lat' dir='ltr'>sint,</span> 
     </span>
     <span class='ocr_line' id='line_1_25' title="bbox 164 2749 1339 2828; baseline -0.001 -22"><span class='ocrx_word' id='word_1_233' title='bbox 164 2750 190 2806; x_wconf 90' lang='lat' dir='ltr'>si</span> <span class='ocrx_word' id='word_1_234' title='bbox 221 2749 326 2828; x_wconf 82' lang='lat' dir='ltr'>Niciae</span> <span class='ocrx_word' id='word_1_235' title='bbox 358 2750 481 2808; x_wconf 90' lang='lat' dir='ltr'>consilio</span> <span class='ocrx_word' id='word_1_236' title='bbox 509 2750 709 2809; x_wconf 89' lang='lat' dir='ltr'>Athenienses</span> <span class='ocrx_word' id='word_1_237' title='bbox 745 2749 1028 2825; x_wconf 82' lang='lat' dir='ltr'>obtemperaverint.</span> <span class='ocrx_word' id='word_1_238' title='bbox 1084 2749 1184 2824; x_wconf 89' lang='lat' dir='ltr'>Atque</span> <span class='ocrx_word' id='word_1_239' title='bbox 1216 2766 1339 2823; x_wconf 86' lang='lat' dir='ltr'>prorsus</span> 
     </span>
    </p>
   </div>
   <div class='ocr_carea' id='block_1_4' title="bbox 164 2840 1456 2926">
    <p class='ocr_par' dir='ltr' id='par_1_4' title="bbox 164 2840 1456 2926">
     <span class='ocr_line' id='line_1_26' title="bbox 164 2840 1456 2926; baseline -0.001 -21"><span class='ocrx_word' id='word_1_240' title='bbox 164 2847 268 2905; x_wconf 88' lang='lat' dir='ltr'>eodem</span> <span class='ocrx_word' id='word_1_241' title='bbox 292 2848 380 2906; x_wconf 91' lang='lat' dir='ltr'>modo</span> <span class='ocrx_word' id='word_1_242' title='bbox 403 2849 435 2906; x_wconf 90' lang='lat' dir='ltr'>in</span> <span class='ocrx_word' id='word_1_243' title='bbox 458 2848 590 2923; x_wconf 91' lang='lat' dir='ltr'>Xenoph.</span> <span class='ocrx_word' id='word_1_244' title='bbox 614 2848 712 2906; x_wconf 88' lang='lat' dir='ltr'>Anab.</span> <span class='ocrx_word' id='word_1_245' title='bbox 736 2846 779 2904; x_wconf 91' lang='lat' dir='ltr'>VI</span> <span class='ocrx_word' id='word_1_246' title='bbox 802 2850 831 2924; x_wconf 89' lang='lat'>3,</span> <span class='ocrx_word' id='word_1_247' title='bbox 856 2849 896 2905; x_wconf 92' lang='grc'>12</span> <span class='ocrx_word' id='word_1_248' title='bbox 912 2848 1034 2922; x_wconf 83' lang='lat' dir='ltr'>iegitur</span> <span class='ocrx_word' id='word_1_249' title='bbox 1058 2846 1165 2923; x_wconf 82' lang='grc' dir='ltr'><em>νομίζω</em></span> <span class='ocrx_word' id='word_1_250' title='bbox 1190 2840 1218 2904; x_wconf 84' lang='grc' dir='ltr'>δ’</span> <span class='ocrx_word' id='word_1_251' title='bbox 1240 2844 1340 2926; x_wconf 76' lang='grc' dir='ltr'><em>ἔγωγε,</em></span> <span class='ocrx_word' id='word_1_252' title='bbox 1449 2851 1456 2856; x_wconf 80' lang='grc'><em>“</em></span> 
     </span>
    </p>
   </div>
   <div class='ocr_carea' id='block_1_5' title="bbox 163 2937 1341 4488">
    <p class='ocr_par' dir='ltr' id='par_1_5' title="bbox 163 2937 1341 4488">
     <span class='ocr_line' id='line_1_27' title="bbox 166 2937 1341 3026; baseline 0.001 -25"><span class='ocrx_word' id='word_1_253' title='bbox 166 2943 192 3002; x_wconf 88' lang='grc' dir='ltr'>εί</span> <span class='ocrx_word' id='word_1_254' title='bbox 209 2941 316 3003; x_wconf 74' lang='grc' dir='ltr'><em>ἐκεῖνοι</em></span> <span class='ocrx_word' id='word_1_255' title='bbox 335 2938 515 3005; x_wconf 84' lang='grc' dir='ltr'><em>ἀπολοῦνται</em></span> <span class='ocrx_word' id='word_1_256' title='bbox 534 2940 591 3025; x_wconf 88' lang='lat'>(=</span> <span class='ocrx_word' id='word_1_257' title='bbox 611 2944 637 3003; x_wconf 85' lang='grc' dir='ltr'>εἰ</span> <span class='ocrx_word' id='word_1_258' title='bbox 654 2942 761 3004; x_wconf 79' lang='grc' dir='ltr'><em>ἐκεῖνον</em></span> <span class='ocrx_word' id='word_1_259' title='bbox 780 2940 820 3023; x_wconf 79' lang='grc' dir='ltr'>μὴ</span> <span class='ocrx_word' id='word_1_260' title='bbox 844 2938 1056 3026; x_wconf 78' lang='grc' dir='ltr'><em>σωθήσονται),</em></span> <span class='ocrx_word' id='word_1_261' title='bbox 1081 2937 1147 3003; x_wconf 84' lang='grc' dir='ltr'><em>οὐδ’</em></span> <span class='ocrx_word' id='word_1_262' title='bbox 1167 2937 1240 3020; x_wconf 80' lang='grc' dir='ltr'><em>ἡμῖν</em></span> <span class='ocrx_word' id='word_1_263' title='bbox 1264 2937 1341 3003; x_wconf 81' lang='grc' dir='ltr'><em>εἶναι</em></span> 
     </span>
     <span class='ocr_line' id='line_1_28' title="bbox 165 3035 1339 3121; baseline 0.001 -22"><span class='ocrx_word' id='word_1_264' title='bbox 165 3035 308 3119; x_wconf 77' lang='grc' dir='ltr'><em>οὐδεμίαν</em></span> <span class='ocrx_word' id='word_1_265' title='bbox 331 3043 486 3121; x_wconf 79' lang='grc' dir='ltr'><em>σωτηρίαν.</em></span> <span class='ocrx_word' id='word_1_266' title='bbox 524 3044 628 3118; x_wconf 89' lang='lat' dir='ltr'>Neque</span> <span class='ocrx_word' id='word_1_267' title='bbox 651 3044 748 3119; x_wconf 84' lang='lat' dir='ltr'>magis</span> <span class='ocrx_word' id='word_1_268' title='bbox 773 3044 903 3101; x_wconf 88' lang='lat' dir='ltr'>alterum</span> <span class='ocrx_word' id='word_1_269' title='bbox 927 3043 1007 3119; x_wconf 90' lang='lat' dir='ltr'>quod</span> <span class='ocrx_word' id='word_1_270' title='bbox 1029 3043 1247 3101; x_wconf 82' lang='lat' dir='ltr'>Forssmannus</span> <span class='ocrx_word' id='word_1_271' title='bbox 1272 3061 1339 3116; x_wconf 90' lang='lat' dir='ltr'>pro-</span> 
     </span>
     <span class='ocr_line' id='line_1_29' title="bbox 164 3131 1339 3224; baseline -0.002 -26"><span class='ocrx_word' id='word_1_272' title='bbox 164 3141 236 3199; x_wconf 82' lang='lat' dir='ltr'>tulit</span> <span class='ocrx_word' id='word_1_273' title='bbox 264 3142 431 3216; x_wconf 83' lang='lat' dir='ltr'>exemplum</span> <span class='ocrx_word' id='word_1_274' title='bbox 458 3142 473 3198; x_wconf 91' lang='lat' dir='ltr'>I</span> <span class='ocrx_word' id='word_1_275' title='bbox 504 3144 576 3216; x_wconf 85' lang='grc'>121,</span> <span class='ocrx_word' id='word_1_276' title='bbox 605 3143 625 3198; x_wconf 82' lang='grc'>4</span> <span class='ocrx_word' id='word_1_277' title='bbox 656 3143 708 3224; x_wconf 74' lang='grc' dir='ltr'>μιᾷ</span> <span class='ocrx_word' id='word_1_278' title='bbox 735 3161 764 3198; x_wconf 84' lang='grc' dir='ltr'>τε</span> <span class='ocrx_word' id='word_1_279' title='bbox 796 3139 865 3220; x_wconf 81' lang='grc' dir='ltr'><em>νίκγ</em></span> <span class='ocrx_word' id='word_1_280' title='bbox 897 3139 1061 3217; x_wconf 81' lang='grc' dir='ltr'><em>ναυμαχίας</em></span> <span class='ocrx_word' id='word_1_281' title='bbox 1092 3132 1164 3196; x_wconf 88' lang='grc' dir='ltr'>κατά</span> <span class='ocrx_word' id='word_1_282' title='bbox 1197 3131 1228 3196; x_wconf 87' lang='grc' dir='ltr'>τδ</span> <span class='ocrx_word' id='word_1_283' title='bbox 1261 3131 1339 3207; x_wconf 83' lang='grc' dir='ltr'><em>εἰκὸς</em></span> 
     </span>
     <span class='ocr_line' id='line_1_30' title="bbox 163 3227 1340 3314; baseline -0.004 -18"><span class='ocrx_word' id='word_1_284' title='bbox 163 3231 331 3297; x_wconf 77' lang='grc' dir='ltr'><em>ἁλίσκονται</em></span> <span class='ocrx_word' id='word_1_285' title='bbox 358 3238 417 3297; x_wconf 86' lang='lat' dir='ltr'>huo</span> <span class='ocrx_word' id='word_1_286' title='bbox 444 3240 583 3313; x_wconf 84' lang='lat' dir='ltr'>pertinet.</span> <span class='ocrx_word' id='word_1_287' title='bbox 634 3237 666 3295; x_wconf 84' lang='lat' dir='ltr'>si</span> <span class='ocrx_word' id='word_1_288' title='bbox 693 3238 772 3296; x_wconf 90' lang='lat' dir='ltr'>enim</span> <span class='ocrx_word' id='word_1_289' title='bbox 800 3254 877 3311; x_wconf 86' lang='lat' dir='ltr'>quae</span> <span class='ocrx_word' id='word_1_290' title='bbox 904 3239 1132 3310; x_wconf 88' lang='lat' dir='ltr'>praecesserunt</span> <span class='ocrx_word' id='word_1_291' title='bbox 1162 3227 1340 3314; x_wconf 79' lang='grc' dir='ltr'><em>(ὑπολαβεῖν</em></span> 
     </span>
     <span class='ocr_line' id='line_1_31' title="bbox 164 3324 1338 3418; baseline -0.003 -26"><span class='ocrx_word' id='word_1_292' title='bbox 164 3327 225 3393; x_wconf 81' lang='grc' dir='ltr'><em>οἷοί</em></span> <span class='ocrx_word' id='word_1_293' title='bbox 250 3327 274 3392; x_wconf 86' lang='grc' dir='ltr'>τ’</span> <span class='ocrx_word' id='word_1_294' title='bbox 304 3331 391 3408; x_wconf 76' lang='grc' dir='ltr'><em>ἐσμὲν</em></span> <span class='ocrx_word' id='word_1_295' title='bbox 419 3338 517 3418; x_wconf 81' lang='grc' dir='ltr'><em>μισθῷ</em></span> <span class='ocrx_word' id='word_1_296' title='bbox 545 3335 655 3413; x_wconf 82' lang='grc' dir='ltr'><em>μείζονι</em></span> <span class='ocrx_word' id='word_1_297' title='bbox 682 3329 750 3406; x_wconf 86' lang='grc' dir='ltr'>τούς</span> <span class='ocrx_word' id='word_1_298' title='bbox 778 3330 881 3404; x_wconf 77' lang='grc' dir='ltr'><em>ξένους</em></span> <span class='ocrx_word' id='word_1_299' title='bbox 908 3327 1007 3392; x_wconf 81' lang='grc' dir='ltr'><em>αὐτῶν</em></span> <span class='ocrx_word' id='word_1_300' title='bbox 1036 3327 1194 3410; x_wconf 84' lang='grc' dir='ltr'><em>ναυβάτας.</em></span> <span class='ocrx_word' id='word_1_301' title='bbox 1240 3324 1338 3408; x_wconf 80' lang='grc' dir='ltr'><em>ὠνητὴ</em></span> 
     </span>
     <span class='ocr_line' id='line_1_32' title="bbox 164 3418 1339 3510; baseline -0.001 -22"><span class='ocrx_word' id='word_1_302' title='bbox 164 3424 220 3509; x_wconf 83' lang='grc' dir='ltr'>γάρ</span> <span class='ocrx_word' id='word_1_303' title='bbox 240 3425 411 3509; x_wconf 83' lang='grc' dir='ltr'><em>Ἀθηναίων</em></span> <span class='ocrx_word' id='word_1_304' title='bbox 433 3426 454 3510; x_wconf 63' lang='grc' dir='ltr'>τ’,</span> <span class='ocrx_word' id='word_1_305' title='bbox 477 3428 602 3510; x_wconf 88' lang='grc' dir='ltr'><em>δύναμις</em></span> <span class='ocrx_word' id='word_1_306' title='bbox 626 3435 736 3510; x_wconf 89' lang='grc' dir='ltr'><em>μάλλον</em></span> <span class='ocrx_word' id='word_1_307' title='bbox 758 3423 778 3508; x_wconf 75' lang='grc' dir='ltr'>ἢ</span> <span class='ocrx_word' id='word_1_308' title='bbox 803 3430 907 3490; x_wconf 84' lang='grc' dir='ltr'><em>οἰκεία·</em></span> <span class='ocrx_word' id='word_1_309' title='bbox 936 3424 955 3507; x_wconf 72' lang='grc' dir='ltr'><em>ἡ</em></span> <span class='ocrx_word' id='word_1_310' title='bbox 983 3427 1015 3490; x_wconf 77' lang='grc' dir='ltr'>δὲ</span> <span class='ocrx_word' id='word_1_311' title='bbox 1037 3424 1161 3510; x_wconf 76' lang='grc' dir='ltr'><em>ἡμετέρα</em></span> <span class='ocrx_word' id='word_1_312' title='bbox 1184 3418 1277 3508; x_wconf 74' lang='grc' dir='ltr'><em>ἧσσον</em></span> <span class='ocrx_word' id='word_1_313' title='bbox 1300 3421 1339 3488; x_wconf 83' lang='grc' dir='ltr'><em>ἀν</em></span> 
     </span>
     <span class='ocr_line' id='line_1_33' title="bbox 163 3523 1339 3610; baseline -0.003 -22"><span class='ocrx_word' id='word_1_314' title='bbox 163 3532 248 3589; x_wconf 81' lang='grc' dir='ltr'><em>τοῦτο</em></span> <span class='ocrx_word' id='word_1_315' title='bbox 271 3523 367 3590; x_wconf 87' lang='grc' dir='ltr'><em>πάθοι</em></span> <span class='ocrx_word' id='word_1_316' title='bbox 387 3524 453 3610; x_wconf 87' lang='grc'><strong>...)</strong></span> <span class='ocrx_word' id='word_1_317' title='bbox 477 3529 722 3606; x_wconf 81' lang='lat' dir='ltr'>consideraveris,</span> <span class='ocrx_word' id='word_1_318' title='bbox 746 3533 935 3604; x_wconf 87' lang='lat' dir='ltr'>praesentem</span> <span class='ocrx_word' id='word_1_319' title='bbox 958 3551 1060 3589; x_wconf 87' lang='lat' dir='ltr'>rerum</span> <span class='ocrx_word' id='word_1_320' title='bbox 1079 3533 1192 3589; x_wconf 86' lang='lat' dir='ltr'>statum</span> <span class='ocrx_word' id='word_1_321' title='bbox 1211 3528 1339 3586; x_wconf 87' lang='lat' dir='ltr'>describi</span> 
     </span>
     <span class='ocr_line' id='line_1_34' title="bbox 163 3627 1339 3704; baseline 0 -20"><span class='ocrx_word' id='word_1_322' title='bbox 163 3628 331 3704; x_wconf 83' lang='lat' dir='ltr'>intelleges</span> <span class='ocrx_word' id='word_1_323' title='bbox 382 3629 537 3688; x_wconf 83' lang='lat' dir='ltr'>Sententia</span> <span class='ocrx_word' id='word_1_324' title='bbox 564 3629 658 3704; x_wconf 85' lang='lat' dir='ltr'>igitur</span> <span class='ocrx_word' id='word_1_325' title='bbox 685 3628 759 3686; x_wconf 88' lang='lat' dir='ltr'>haec</span> <span class='ocrx_word' id='word_1_326' title='bbox 787 3631 845 3687; x_wconf 89' lang='lat' dir='ltr'>est:</span> <span class='ocrx_word' id='word_1_327' title='bbox 874 3632 1009 3704; x_wconf 90' lang='lat' dir='ltr'>potestas</span> <span class='ocrx_word' id='word_1_328' title='bbox 1037 3627 1267 3688; x_wconf 88' lang='lat' dir='ltr'>Atheniensium</span> <span class='ocrx_word' id='word_1_329' title='bbox 1295 3627 1339 3684; x_wconf 89' lang='lat' dir='ltr'>ita</span> 
     </span>
     <span class='ocr_line' id='line_1_35' title="bbox 164 3727 1339 3802; baseline -0.003 -18"><span class='ocrx_word' id='word_1_330' title='bbox 164 3730 336 3801; x_wconf 89' lang='lat' dir='ltr'>comparata</span> <span class='ocrx_word' id='word_1_331' title='bbox 364 3729 411 3785; x_wconf 89' lang='lat' dir='ltr'>est</span> <span class='ocrx_word' id='word_1_332' title='bbox 438 3731 473 3786; x_wconf 89' lang='lat' dir='ltr'>ut</span> <span class='ocrx_word' id='word_1_333' title='bbox 497 3746 557 3785; x_wconf 90' lang='lat' dir='ltr'>una</span> <span class='ocrx_word' id='word_1_334' title='bbox 579 3744 681 3802; x_wconf 87' lang='lat' dir='ltr'>pugna</span> <span class='ocrx_word' id='word_1_335' title='bbox 703 3727 803 3784; x_wconf 90' lang='lat' dir='ltr'>navali</span> <span class='ocrx_word' id='word_1_336' title='bbox 827 3727 921 3785; x_wconf 87' lang='lat' dir='ltr'>deleri</span> <span class='ocrx_word' id='word_1_337' title='bbox 943 3727 1091 3786; x_wconf 87' lang='lat' dir='ltr'>videatur.</span> <span class='ocrx_word' id='word_1_338' title='bbox 1136 3727 1214 3784; x_wconf 92' lang='lat' dir='ltr'>Huic</span> <span class='ocrx_word' id='word_1_339' title='bbox 1237 3729 1339 3782; x_wconf 89' lang='lat' dir='ltr'>tamen</span> 
     </span>
     <span class='ocr_line' id='line_1_36' title="bbox 164 3813 1339 3898; baseline -0.003 -17"><span class='ocrx_word' id='word_1_340' title='bbox 164 3824 299 3898; x_wconf 84' lang='lat' dir='ltr'>exemplo</span> <span class='ocrx_word' id='word_1_341' title='bbox 327 3824 386 3881; x_wconf 90' lang='lat' dir='ltr'>duo</span> <span class='ocrx_word' id='word_1_342' title='bbox 414 3823 551 3882; x_wconf 82' lang='lat' dir='ltr'>addenda</span> <span class='ocrx_word' id='word_1_343' title='bbox 579 3825 651 3881; x_wconf 88' lang='lat' dir='ltr'>sunt</span> <span class='ocrx_word' id='word_1_344' title='bbox 677 3840 696 3879; x_wconf 88' lang='lat' dir='ltr'>a</span> <span class='ocrx_word' id='word_1_345' title='bbox 722 3823 922 3882; x_wconf 83' lang='lat' dir='ltr'>Forssmanno</span> <span class='ocrx_word' id='word_1_346' title='bbox 951 3827 1074 3884; x_wconf 86' lang='lat' dir='ltr'>omissa:</span> <span class='ocrx_word' id='word_1_347' title='bbox 1103 3823 1147 3880; x_wconf 90' lang='lat' dir='ltr'>IV</span> <span class='ocrx_word' id='word_1_348' title='bbox 1173 3824 1223 3896; x_wconf 87' lang='lat'>95,</span> <span class='ocrx_word' id='word_1_349' title='bbox 1253 3813 1318 3879; x_wconf 95' lang='grc'>2</span> <span class='ocrx_word' id='word_1_350' title='bbox 1298 3843 1339 3897; x_wconf 77' lang='grc' dir='ltr'><em>ην</em></span> 
     </span>
     <span class='ocr_line' id='line_1_37' title="bbox 164 3912 1337 4000; baseline -0.003 -21"><span class='ocrx_word' id='word_1_351' title='bbox 164 3915 341 3998; x_wconf 72' lang='grc' dir='ltr'><em>νικήσωμεν,</em></span> <span class='ocrx_word' id='word_1_352' title='bbox 365 3914 401 3980; x_wconf 93' lang='grc' dir='ltr'>οὐ</span> <span class='ocrx_word' id='word_1_353' title='bbox 426 3914 466 3997; x_wconf 76' lang='grc' dir='ltr'>μή</span> <span class='ocrx_word' id='word_1_354' title='bbox 489 3941 557 3980; x_wconf 86' lang='grc' dir='ltr'><em>ποτε</em></span> <span class='ocrx_word' id='word_1_355' title='bbox 580 3942 652 3997; x_wconf 89' lang='grc' dir='ltr'><em>υμιν</em></span> <span class='ocrx_word' id='word_1_356' title='bbox 674 3916 949 3999; x_wconf 74' lang='grc' dir='ltr'><em>Πελοποννησιοιὲ</em></span> <span class='ocrx_word' id='word_1_357' title='bbox 950 3916 1041 4000; x_wconf 80' lang='grc' dir='ltr'><em>ςτὴν</em></span> <span class='ocrx_word' id='word_1_358' title='bbox 1064 3916 1206 4000; x_wconf 80' lang='grc' dir='ltr'><em>χώραν..</em></span> <span class='ocrx_word' id='word_1_359' title='bbox 1221 3912 1337 3997; x_wconf 79' lang='grc' dir='ltr'><em>,ἕσβά</em></span> 
     </span>
     <span class='ocr_line' id='line_1_38' title="bbox 163 4011 1337 4102; baseline 0 -26"><span class='ocrx_word' id='word_1_360' title='bbox 163 4022 269 4093; x_wconf 91' lang='grc' dir='ltr'><em>λωσιν,</em></span> <span class='ocrx_word' id='word_1_361' title='bbox 301 4015 334 4076; x_wconf 77' lang='grc' dir='ltr'><em>ἕν</em></span> <span class='ocrx_word' id='word_1_362' title='bbox 366 4015 398 4076; x_wconf 74' lang='grc' dir='ltr'>δὲ</span> <span class='ocrx_word' id='word_1_363' title='bbox 430 4021 481 4102; x_wconf 74' lang='grc' dir='ltr'>μιᾷ</span> <span class='ocrx_word' id='word_1_364' title='bbox 514 4011 592 4098; x_wconf 79' lang='grc' dir='ltr'><em>μάχῃ</em></span> <span class='ocrx_word' id='word_1_365' title='bbox 624 4011 713 4094; x_wconf 77' lang='grc' dir='ltr'><em>τήνδε</em></span> <span class='ocrx_word' id='word_1_366' title='bbox 739 4038 768 4076; x_wconf 88' lang='grc' dir='ltr'>τε</span> <span class='ocrx_word' id='word_1_367' title='bbox 796 4023 980 4097; x_wconf 75' lang='grc' dir='ltr'><em>προσκτᾶσθε</em></span> <span class='ocrx_word' id='word_1_368' title='bbox 1006 4017 1056 4078; x_wconf 81' lang='grc' dir='ltr'>καὶ</span> <span class='ocrx_word' id='word_1_369' title='bbox 1083 4017 1200 4096; x_wconf 75' lang='grc' dir='ltr'><em>ἐκείνην</em></span> <span class='ocrx_word' id='word_1_370' title='bbox 1227 4021 1337 4095; x_wconf 82' lang='grc' dir='ltr'><em>μάλλον</em></span> 
     </span>
     <span class='ocr_line' id='line_1_39' title="bbox 164 4109 1337 4195; baseline 0.001 -22"><span class='ocrx_word' id='word_1_371' title='bbox 164 4113 368 4194; x_wconf 75' lang='grc' dir='ltr'><em>ἐλευθεροῦτε,</em></span> <span class='ocrx_word' id='word_1_372' title='bbox 392 4114 419 4172; x_wconf 91' lang='lat' dir='ltr'><strong>V</strong></span> <span class='ocrx_word' id='word_1_373' title='bbox 443 4118 484 4175; x_wconf 87' lang='grc'>98</span> <span class='ocrx_word' id='word_1_374' title='bbox 508 4119 572 4187; x_wconf 80' lang='grc' dir='ltr'>πῶς</span> <span class='ocrx_word' id='word_1_375' title='bbox 595 4109 631 4174; x_wconf 92' lang='grc' dir='ltr'>οὐ</span> <span class='ocrx_word' id='word_1_376' title='bbox 654 4110 860 4192; x_wconf 84' lang='grc' dir='ltr'><em>πολεμάσεσθε</em></span> <span class='ocrx_word' id='word_1_377' title='bbox 884 4109 1007 4193; x_wconf 87' lang='grc' dir='ltr'><em>αὐτούς,</em></span> <span class='ocrx_word' id='word_1_378' title='bbox 1035 4111 1106 4176; x_wconf 73' lang='grc' dir='ltr'><em>ὅταν</em></span> <span class='ocrx_word' id='word_1_379' title='bbox 1129 4111 1249 4188; x_wconf 77' lang='grc' dir='ltr'><em>ἕςτάδε</em></span> <span class='ocrx_word' id='word_1_380' title='bbox 1272 4113 1337 4195; x_wconf 81' lang='grc' dir='ltr'><em>βλέ-</em></span> 
     </span>
     <span class='ocr_line' id='line_1_40' title="bbox 164 4206 1336 4329; baseline 0 -57"><span class='ocrx_word' id='word_1_381' title='bbox 164 4227 275 4329; x_wconf 73' lang='grc' dir='ltr'><em>φαντες</em></span> <span class='ocrx_word' id='word_1_382' title='bbox 298 4206 469 4292; x_wconf 77' lang='grc' dir='ltr'><em>ἡγήσωνταί</em></span> <span class='ocrx_word' id='word_1_383' title='bbox 488 4235 557 4273; x_wconf 87' lang='grc' dir='ltr'><em>ποτε</em></span> <span class='ocrx_word' id='word_1_384' title='bbox 580 4206 658 4291; x_wconf 83' lang='grc' dir='ltr'><em>υμάς</em></span> <span class='ocrx_word' id='word_1_385' title='bbox 680 4210 730 4272; x_wconf 86' lang='grc' dir='ltr'>καὶ</span> <span class='ocrx_word' id='word_1_386' title='bbox 753 4211 800 4272; x_wconf 79' lang='grc' dir='ltr'>ἐπί</span> <span class='ocrx_word' id='word_1_387' title='bbox 823 4217 901 4289; x_wconf 83' lang='grc' dir='ltr'><em>σφᾶς</em></span> <span class='ocrx_word' id='word_1_388' title='bbox 919 4208 1014 4291; x_wconf 78' lang='grc' dir='ltr'><em>ἥξειν;</em></span> <span class='ocrx_word' id='word_1_389' title='bbox 1037 4207 1094 4272; x_wconf 90' lang='grc' dir='ltr'><em>κάν</em></span> <span class='ocrx_word' id='word_1_390' title='bbox 1111 4208 1203 4294; x_wconf 86' lang='grc' dir='ltr'><em>τούτφ</em></span> <span class='ocrx_word' id='word_1_391' title='bbox 1223 4236 1249 4272; x_wconf 87' lang='grc' dir='ltr'>τι</span> <span class='ocrx_word' id='word_1_392' title='bbox 1243 4209 1336 4273; x_wconf 90' lang='grc' dir='ltr'><em>’άλλο</em></span> 
     </span>
     <span class='ocr_line' id='line_1_41' title="bbox 163 4274 1337 4426; baseline 0.001 -56"><span class='ocrx_word' id='word_1_393' title='bbox 163 4337 183 4388; x_wconf 74' lang='grc' dir='ltr'><em>νγ</em></span> <span class='ocrx_word' id='word_1_394' title='bbox 211 4305 279 4382; x_wconf 87' lang='grc' dir='ltr'>τούς</span> <span class='ocrx_word' id='word_1_395' title='bbox 307 4307 360 4387; x_wconf 78' lang='grc' dir='ltr'><em>μὲν</em></span> <span class='ocrx_word' id='word_1_396' title='bbox 387 4305 573 4426; x_wconf 84' lang='grc' dir='ltr'><em>υπάργοντας</em></span> <span class='ocrx_word' id='word_1_397' title='bbox 599 4312 756 4388; x_wconf 85' lang='grc' dir='ltr'><em>πολεμίους</em></span> <span class='ocrx_word' id='word_1_398' title='bbox 780 4305 966 4390; x_wconf 87' lang='grc' dir='ltr'><em>μεγαλύνετε,</em></span> <span class='ocrx_word' id='word_1_399' title='bbox 994 4332 1063 4382; x_wconf 84' lang='grc' dir='ltr'><em>τους</em></span> <span class='ocrx_word' id='word_1_400' title='bbox 1085 4307 1117 4370; x_wconf 78' lang='grc' dir='ltr'>δὲ</span> <span class='ocrx_word' id='word_1_401' title='bbox 1140 4274 1214 4389; x_wconf 78' lang='grc' dir='ltr'><em>μηδε</em></span> <span class='ocrx_word' id='word_1_402' title='bbox 1238 4305 1337 4389; x_wconf 81' lang='grc' dir='ltr'><em>μελλη-</em></span> 
     </span>
     <span class='ocr_line' id='line_1_42' title="bbox 169 4402 1335 4488; baseline 0 -21"><span class='ocrx_word' id='word_1_403' title='bbox 169 4426 275 4479; x_wconf 91' lang='grc' dir='ltr'><em>σαντας</em></span> <span class='ocrx_word' id='word_1_404' title='bbox 297 4405 478 4488; x_wconf 77' lang='grc' dir='ltr'><em>γενέσθαι”</em></span> <span class='ocrx_word' id='word_1_405' title='bbox 459 4432 584 4480; x_wconf 89' lang='grc' dir='ltr'><em>ακοντας</em></span> <span class='ocrx_word' id='word_1_406' title='bbox 607 4402 765 4487; x_wconf 81' lang='grc' dir='ltr'><em>ἐπάγεσθε;</em></span> <span class='ocrx_word' id='word_1_407' title='bbox 790 4409 904 4479; x_wconf 80' lang='lat' dir='ltr'>Quibus</span> <span class='ocrx_word' id='word_1_408' title='bbox 923 4410 978 4467; x_wconf 91' lang='lat' dir='ltr'>hoc</span> <span class='ocrx_word' id='word_1_409' title='bbox 997 4428 1151 4468; x_wconf 89' lang='lat' dir='ltr'>commune</span> <span class='ocrx_word' id='word_1_410' title='bbox 1171 4413 1217 4468; x_wconf 92' lang='lat' dir='ltr'>est</span> <span class='ocrx_word' id='word_1_411' title='bbox 1235 4413 1270 4468; x_wconf 92' lang='lat' dir='ltr'>ut</span> <span class='ocrx_word' id='word_1_412' title='bbox 1288 4428 1335 4467; x_wconf 90' lang='lat' dir='ltr'>res</span> 
     </span>
    </p>
   </div>
   <div class='ocr_carea' id='block_1_6' title="bbox 0 0 1516 4936">
    <p class='ocr_par' dir='ltr' id='par_1_6' title="bbox 0 0 1516 4936">
     <span class='ocr_line' id='line_1_43' title="bbox 0 0 1516 4936; baseline 0 1"><span class='ocrx_word' id='word_1_413' title='bbox 0 0 1516 4936; x_wconf 95' lang='lat' dir='ltr'> </span> 
     </span>
    </p>
   </div>
  </div>
 </body>
</html>
