<?xml version="1.0" encoding="UTF-8"?>
<!DOCTYPE html PUBLIC "-//W3C//DTD XHTML 1.0 Transitional//EN"
    "http://www.w3.org/TR/xhtml1/DTD/xhtml1-transitional.dtd">
<html xmlns="http://www.w3.org/1999/xhtml" xml:lang="en" lang="en">
 <head>
  <title>
</title>
<meta http-equiv="Content-Type" content="text/html;charset=utf-8" />
  <meta name='ocr-system' content='tesseract 3.04.00' />
  <meta name='ocr-capabilities' content='ocr_page ocr_carea ocr_par ocr_line ocrx_word'/>
</head>
<body>
  <div class='ocr_page' id='page_1' title='image "./quaestionesgram02stahgoog_0048.png"; bbox 0 0 3022 4936; ppageno 0'>
   <div class='ocr_carea' id='block_1_1' title="bbox 647 351 897 424">
    <p class='ocr_par' dir='ltr' id='par_1_1' title="bbox 647 351 897 424">
     <span class='ocr_line' id='line_1_1' title="bbox 647 351 897 424; baseline 0.04 -10"><span class='ocrx_word' id='word_1_1' title='bbox 647 351 897 424; x_wconf 79' lang='grc'><strong>-27-,</strong></span> 
     </span>
    </p>
   </div>
   <div class='ocr_carea' id='block_1_2' title="bbox 164 515 1342 1192">
    <p class='ocr_par' dir='ltr' id='par_1_2' title="bbox 164 515 1342 1192">
     <span class='ocr_line' id='line_1_2' title="bbox 164 515 1340 594; baseline 0.001 -20"><span class='ocrx_word' id='word_1_2' title='bbox 164 518 245 576; x_wconf 88' lang='lat' dir='ltr'>idem</span> <span class='ocrx_word' id='word_1_3' title='bbox 269 521 367 577; x_wconf 85' lang='lat' dir='ltr'>exstat</span> <span class='ocrx_word' id='word_1_4' title='bbox 389 519 421 577; x_wconf 91' lang='lat' dir='ltr'>in</span> <span class='ocrx_word' id='word_1_5' title='bbox 440 519 548 577; x_wconf 84' lang='lat' dir='ltr'>Aesob.</span> <span class='ocrx_word' id='word_1_6' title='bbox 566 518 649 576; x_wconf 90' lang='lat' dir='ltr'>Pers.</span> <span class='ocrx_word' id='word_1_7' title='bbox 671 519 743 576; x_wconf 99' lang='grc'><strong>791.</strong></span> <span class='ocrx_word' id='word_1_8' title='bbox 768 515 869 593; x_wconf 82' lang='lat' dir='ltr'>Suppl.</span> <span class='ocrx_word' id='word_1_9' title='bbox 890 519 941 575; x_wconf 87' lang='grc'>91.</span> <span class='ocrx_word' id='word_1_10' title='bbox 965 518 1050 575; x_wconf 83' lang='lat' dir='ltr'>Eum.</span> <span class='ocrx_word' id='word_1_11' title='bbox 1072 519 1144 576; x_wconf 79' lang='lat'><strong>234.</strong></span> <span class='ocrx_word' id='word_1_12' title='bbox 1169 516 1258 594; x_wconf 84' lang='lat' dir='ltr'>Soph.</span> <span class='ocrx_word' id='word_1_13' title='bbox 1278 516 1340 588; x_wconf 75' lang='lat' dir='ltr'>Oa,</span> 
     </span>
     <span class='ocr_line' id='line_1_3' title="bbox 167 615 1340 693; baseline -0.002 -16"><span class='ocrx_word' id='word_1_14' title='bbox 167 622 238 678; x_wconf 91' lang='grc'><strong>198.</strong></span> <span class='ocrx_word' id='word_1_15' title='bbox 263 619 335 677; x_wconf 93' lang='grc'><strong>874.</strong></span> <span class='ocrx_word' id='word_1_16' title='bbox 368 616 426 678; x_wconf 80' lang='grc'><strong>00.</strong></span> <span class='ocrx_word' id='word_1_17' title='bbox 453 619 547 676; x_wconf 88' lang='grc'><strong>1443.</strong></span> <span class='ocrx_word' id='word_1_18' title='bbox 575 616 647 674; x_wconf 87' lang='grc' dir='ltr'><strong>Α11.</strong></span> <span class='ocrx_word' id='word_1_19' title='bbox 673 618 751 693; x_wconf 93' lang='grc'><strong>710,</strong></span> <span class='ocrx_word' id='word_1_20' title='bbox 778 634 837 674; x_wconf 91' lang='grc'>101</span> <span class='ocrx_word' id='word_1_21' title='bbox 861 616 960 674; x_wconf 85' lang='lat' dir='ltr'>minus</span> <span class='ocrx_word' id='word_1_22' title='bbox 983 616 1039 674; x_wconf 90' lang='lat' dir='ltr'>boo</span> <span class='ocrx_word' id='word_1_23' title='bbox 1063 615 1251 674; x_wconf 88' lang='lat' dir='ltr'>tolerandum</span> <span class='ocrx_word' id='word_1_24' title='bbox 1275 635 1340 675; x_wconf 88' lang='lat' dir='ltr'>esse</span> 
     </span>
     <span class='ocr_line' id='line_1_4' title="bbox 164 702 1340 792; baseline -0.001 -19"><span class='ocrx_word' id='word_1_25' title='bbox 164 719 237 790; x_wconf 88' lang='lat' dir='ltr'>puto</span> <span class='ocrx_word' id='word_1_26' title='bbox 264 734 355 790; x_wconf 86' lang='lat' dir='ltr'>quam</span> <span class='ocrx_word' id='word_1_27' title='bbox 382 716 497 792; x_wconf 87' lang='lat' dir='ltr'>pariter</span> <span class='ocrx_word' id='word_1_28' title='bbox 526 716 691 792; x_wconf 82' lang='lat' dir='ltr'>singularia</span> <span class='ocrx_word' id='word_1_29' title='bbox 720 707 1120 786; x_wconf 83' lang='grc' dir='ltr'><strong>ὡςάνο11110111111110</strong></span> <span class='ocrx_word' id='word_1_30' title='bbox 1145 716 1176 771; x_wconf 91' lang='lat' dir='ltr'>et</span> <span class='ocrx_word' id='word_1_31' title='bbox 1198 702 1279 784; x_wconf 75' lang='grc' dir='ltr'><strong><em>ὅπως</em></strong></span> <span class='ocrx_word' id='word_1_32' title='bbox 1301 707 1340 772; x_wconf 70' lang='lat' dir='ltr'>tv</span> 
     </span>
     <span class='ocr_line' id='line_1_5' title="bbox 164 806 1339 890; baseline -0.003 -17"><span class='ocrx_word' id='word_1_33' title='bbox 164 834 232 873; x_wconf 87' lang='grc'><strong>1111</strong></span> <span class='ocrx_word' id='word_1_34' title='bbox 255 814 389 889; x_wconf 78' lang='lat' dir='ltr'>optativo</span> <span class='ocrx_word' id='word_1_35' title='bbox 414 817 444 872; x_wconf 89' lang='lat' dir='ltr'>et</span> <span class='ocrx_word' id='word_1_36' title='bbox 468 834 534 872; x_wconf 89' lang='lat' dir='ltr'>cum</span> <span class='ocrx_word' id='word_1_37' title='bbox 562 814 666 874; x_wconf 89' lang='lat' dir='ltr'>eodem</span> <span class='ocrx_word' id='word_1_38' title='bbox 694 810 737 890; x_wconf 76' lang='grc' dir='ltr'>μή</span> <span class='ocrx_word' id='word_1_39' title='bbox 764 806 815 888; x_wconf 85' lang='grc' dir='ltr'>άν,</span> <span class='ocrx_word' id='word_1_40' title='bbox 843 831 919 887; x_wconf 90' lang='lat' dir='ltr'>quae</span> <span class='ocrx_word' id='word_1_41' title='bbox 947 829 1039 886; x_wconf 91' lang='lat' dir='ltr'>supra</span> <span class='ocrx_word' id='word_1_42' title='bbox 1069 811 1234 869; x_wconf 89' lang='lat' dir='ltr'>memorata</span> <span class='ocrx_word' id='word_1_43' title='bbox 1261 813 1339 874; x_wconf 88' lang='lat' dir='ltr'>sunt.</span> 
     </span>
     <span class='ocr_line' id='line_1_6' title="bbox 165 906 1340 986; baseline -0.003 -18"><span class='ocrx_word' id='word_1_44' title='bbox 165 906 244 969; x_wconf 87' lang='lat' dir='ltr'>Num</span> <span class='ocrx_word' id='word_1_45' title='bbox 273 914 374 970; x_wconf 89' lang='lat' dir='ltr'>tamen</span> <span class='ocrx_word' id='word_1_46' title='bbox 401 911 481 970; x_wconf 87' lang='lat' dir='ltr'>idem</span> <span class='ocrx_word' id='word_1_47' title='bbox 509 911 582 969; x_wconf 86' lang='lat' dir='ltr'>ferri</span> <span class='ocrx_word' id='word_1_48' title='bbox 610 911 705 986; x_wconf 78' lang='lat' dir='ltr'><strong>possit</strong></span> <span class='ocrx_word' id='word_1_49' title='bbox 734 910 815 986; x_wconf 88' lang='lat' dir='ltr'>apud</span> <span class='ocrx_word' id='word_1_50' title='bbox 843 909 1077 984; x_wconf 77' lang='lat' dir='ltr'><strong>Aristophanem</strong></span> <span class='ocrx_word' id='word_1_51' title='bbox 1104 908 1135 966; x_wconf 93' lang='lat' dir='ltr'>in</span> <span class='ocrx_word' id='word_1_52' title='bbox 1163 911 1237 984; x_wconf 84' lang='lat' dir='ltr'>Equ.</span> <span class='ocrx_word' id='word_1_53' title='bbox 1268 911 1340 968; x_wconf 87' lang='grc'><strong>698.</strong></span> 
     </span>
     <span class='ocr_line' id='line_1_7' title="bbox 167 1000 1342 1086; baseline -0.003 -19"><span class='ocrx_word' id='word_1_54' title='bbox 167 1012 240 1068; x_wconf 94' lang='grc'><strong>700.</strong></span> <span class='ocrx_word' id='word_1_55' title='bbox 265 1011 337 1069; x_wconf 96' lang='grc'><strong>805.</strong></span> <span class='ocrx_word' id='word_1_56' title='bbox 370 1010 438 1069; x_wconf 83' lang='grc' dir='ltr'><strong>Ρ11.</strong></span> <span class='ocrx_word' id='word_1_57' title='bbox 463 1010 541 1084; x_wconf 88' lang='grc'><strong>450,</strong></span> <span class='ocrx_word' id='word_1_58' title='bbox 570 1011 622 1086; x_wconf 90' lang='lat' dir='ltr'>qui</span> <span class='ocrx_word' id='word_1_59' title='bbox 649 1030 686 1070; x_wconf 90' lang='lat' dir='ltr'>no</span> <span class='ocrx_word' id='word_1_60' title='bbox 714 1009 786 1070; x_wconf 89' lang='lat' dir='ltr'>alibi</span> <span class='ocrx_word' id='word_1_61' title='bbox 813 1006 933 1084; x_wconf 89' lang='lat' dir='ltr'>quidem</span> <span class='ocrx_word' id='word_1_62' title='bbox 956 1006 1036 1082; x_wconf 88' lang='lat' dir='ltr'>apud</span> <span class='ocrx_word' id='word_1_63' title='bbox 1060 1006 1280 1065; x_wconf 83' lang='lat' dir='ltr'>coniunctivum</span> <span class='ocrx_word' id='word_1_64' title='bbox 1303 1000 1342 1065; x_wconf 85' lang='grc' dir='ltr'>άν</span> 
     </span>
     <span class='ocr_line' id='line_1_8' title="bbox 167 1099 1341 1192; baseline -0.004 -24"><span class='ocrx_word' id='word_1_65' title='bbox 167 1109 306 1168; x_wconf 89' lang='lat' dir='ltr'>omittere</span> <span class='ocrx_word' id='word_1_66' title='bbox 330 1106 426 1165; x_wconf 80' lang='lat' dir='ltr'>soleat</span> <span class='ocrx_word' id='word_1_67' title='bbox 449 1099 533 1186; x_wconf 87' lang='lat' dir='ltr'>(nam</span> <span class='ocrx_word' id='word_1_68' title='bbox 556 1109 586 1167; x_wconf 90' lang='lat' dir='ltr'>in</span> <span class='ocrx_word' id='word_1_69' title='bbox 609 1128 731 1169; x_wconf 88' lang='lat' dir='ltr'>censum</span> <span class='ocrx_word' id='word_1_70' title='bbox 753 1127 822 1192; x_wconf 13' lang='lat' dir='ltr'>non*</span> <span class='ocrx_word' id='word_1_71' title='bbox 836 1107 919 1166; x_wconf 78' lang='lat' dir='ltr'>venit</span> <span class='ocrx_word' id='word_1_72' title='bbox 941 1105 1020 1181; x_wconf 88' lang='lat' dir='ltr'>quod</span> <span class='ocrx_word' id='word_1_73' title='bbox 1043 1106 1099 1165; x_wconf 84' lang='lat' dir='ltr'>Ar.</span> <span class='ocrx_word' id='word_1_74' title='bbox 1125 1108 1188 1166; x_wconf 78' lang='grc'>929</span> <span class='ocrx_word' id='word_1_75' title='bbox 1213 1105 1243 1163; x_wconf 88' lang='grc'>11</span> <span class='ocrx_word' id='word_1_76' title='bbox 1266 1104 1341 1163; x_wconf 88' lang='lat' dir='ltr'>ludi-</span> 
     </span>
    </p>
   </div>
   <div class='ocr_carea' id='block_1_3' title="bbox 161 1198 1404 2651">
    <p class='ocr_par' dir='ltr' id='par_1_3' title="bbox 162 1198 1404 2651">
     <span class='ocr_line' id='line_1_9' title="bbox 164 1198 1341 1284; baseline -0.002 -20"><span class='ocrx_word' id='word_1_77' title='bbox 164 1206 264 1265; x_wconf 85' lang='lat' dir='ltr'>bunda</span> <span class='ocrx_word' id='word_1_78' title='bbox 286 1205 389 1264; x_wconf 91' lang='lat' dir='ltr'>Dorici</span> <span class='ocrx_word' id='word_1_79' title='bbox 416 1205 556 1265; x_wconf 82' lang='lat' dir='ltr'>carminis</span> <span class='ocrx_word' id='word_1_80' title='bbox 587 1207 754 1267; x_wconf 77' lang='lat' dir='ltr'>imitatione</span> <span class='ocrx_word' id='word_1_81' title='bbox 781 1205 895 1280; x_wconf 83' lang='lat' dir='ltr'>legitur</span> <span class='ocrx_word' id='word_1_82' title='bbox 922 1198 940 1263; x_wconf 80' lang='grc' dir='ltr'>ὅ</span> <span class='ocrx_word' id='word_1_83' title='bbox 962 1225 989 1263; x_wconf 89' lang='grc' dir='ltr'>τι</span> <span class='ocrx_word' id='word_1_84' title='bbox 1016 1224 1070 1280; x_wconf 86' lang='grc' dir='ltr'><strong><em>περ</em></strong></span> <span class='ocrx_word' id='word_1_85' title='bbox 1094 1250 1100 1262; x_wconf 95' lang='grc'><strong>.</strong></span> <span class='ocrx_word' id='word_1_86' title='bbox 1125 1251 1131 1263; x_wconf 94' lang='grc'><strong>.</strong></span> <span class='ocrx_word' id='word_1_87' title='bbox 1156 1249 1163 1263; x_wconf 94' lang='grc'><strong>.</strong></span> <span class='ocrx_word' id='word_1_88' title='bbox 1190 1200 1282 1284; x_wconf 76' lang='grc' dir='ltr'><strong><em>θέλῃς</em></strong></span> <span class='ocrx_word' id='word_1_89' title='bbox 1310 1207 1341 1262; x_wconf 94' lang='lat' dir='ltr'>et</span> 
     </span>
     <span class='ocr_line' id='line_1_10' title="bbox 164 1293 1341 1386; baseline -0.003 -24"><span class='ocrx_word' id='word_1_90' title='bbox 164 1304 327 1362; x_wconf 77' lang='grc'><strong>11111088</strong></span> <span class='ocrx_word' id='word_1_91' title='bbox 352 1302 384 1359; x_wconf 92' lang='lat' dir='ltr'>in</span> <span class='ocrx_word' id='word_1_92' title='bbox 407 1306 547 1380; x_wconf 89' lang='lat' dir='ltr'>promptu</span> <span class='ocrx_word' id='word_1_93' title='bbox 572 1308 619 1364; x_wconf 85' lang='lat' dir='ltr'>est</span> <span class='ocrx_word' id='word_1_94' title='bbox 641 1325 696 1381; x_wconf 91' lang='lat' dir='ltr'>pro</span> <span class='ocrx_word' id='word_1_95' title='bbox 719 1299 775 1386; x_wconf 75' lang='grc' dir='ltr'>ὅτῳ</span> <span class='ocrx_word' id='word_1_96' title='bbox 800 1298 833 1361; x_wconf 82' lang='grc' dir='ltr'>δὲ</span> <span class='ocrx_word' id='word_1_97' title='bbox 855 1295 887 1361; x_wconf 84' lang='grc' dir='ltr'>τὸ</span> <span class='ocrx_word' id='word_1_98' title='bbox 911 1295 1030 1380; x_wconf 86' lang='grc' dir='ltr'><strong><em>γράμμα</em></strong></span> <span class='ocrx_word' id='word_1_99' title='bbox 1054 1333 1094 1343; x_wconf 95' lang='grc'>-</span> <span class='ocrx_word' id='word_1_100' title='bbox 1120 1295 1160 1379; x_wconf 78' lang='grc' dir='ltr'>μὴ</span> <span class='ocrx_word' id='word_1_101' title='bbox 1182 1293 1341 1385; x_wconf 77' lang='grc' dir='ltr'><strong><em>’ξελιιοσθῇ</em></strong></span> 
     </span>
     <span class='ocr_line' id='line_1_11' title="bbox 164 1393 1341 1482; baseline 0.002 -24"><span class='ocrx_word' id='word_1_102' title='bbox 164 1395 375 1460; x_wconf 65' lang='lat' dir='ltr'>rescriber⁶e</span> <span class='ocrx_word' id='word_1_103' title='bbox 357 1422 413 1481; x_wconf 84' lang='grc' dir='ltr'>οτῳ</span> <span class='ocrx_word' id='word_1_104' title='bbox 442 1394 530 1459; x_wconf 85' lang='grc' dir='ltr'>δὲ</span> <span class='ocrx_word' id='word_1_105' title='bbox 502 1423 533 1461; x_wconf 91' lang='grc' dir='ltr'>το</span> <span class='ocrx_word' id='word_1_106' title='bbox 561 1397 670 1482; x_wconf 85' lang='grc' dir='ltr'><strong><em>γράμμ’</em></strong></span> <span class='ocrx_word' id='word_1_107' title='bbox 700 1394 802 1461; x_wconf 83' lang='grc' dir='ltr'><strong><em>δίν-</em></strong></span> <span class='ocrx_word' id='word_1_108' title='bbox 830 1394 869 1478; x_wconf 84' lang='grc' dir='ltr'>μὴ</span> <span class='ocrx_word' id='word_1_109' title='bbox 895 1393 1084 1481; x_wconf 78' lang='grc' dir='ltr'><strong><em>’ξελιιοσθῆ),</em></strong></span> <span class='ocrx_word' id='word_1_110' title='bbox 1112 1402 1199 1460; x_wconf 87' lang='lat' dir='ltr'>valde</span> <span class='ocrx_word' id='word_1_111' title='bbox 1228 1402 1314 1460; x_wconf 90' lang='lat' dir='ltr'>dubit</span> <span class='ocrx_word' id='word_1_112' title='bbox 1301 1406 1341 1477; x_wconf 88' lang='lat' dir='ltr'>to,</span> 
     </span>
     <span class='ocr_line' id='line_1_12' title="bbox 164 1489 1340 1578; baseline 0.002 -22"><span class='ocrx_word' id='word_1_113' title='bbox 164 1499 342 1574; x_wconf 89' lang='lat' dir='ltr'>praesertim</span> <span class='ocrx_word' id='word_1_114' title='bbox 370 1519 437 1558; x_wconf 90' lang='lat' dir='ltr'>cum</span> <span class='ocrx_word' id='word_1_115' title='bbox 464 1499 495 1557; x_wconf 92' lang='lat' dir='ltr'>in</span> <span class='ocrx_word' id='word_1_116' title='bbox 522 1492 828 1577; x_wconf 69' lang='grc' dir='ltr'><strong>1111698μδιτὴν</strong></span> <span class='ocrx_word' id='word_1_117' title='bbox 851 1491 1039 1576; x_wconf 74' lang='grc' dir='ltr'><strong><em>Δήμητρ’,’</em></strong></span> <span class='ocrx_word' id='word_1_118' title='bbox 1026 1491 1079 1557; x_wconf 87' lang='grc' dir='ltr'>εάν</span> <span class='ocrx_word' id='word_1_119' title='bbox 1102 1489 1194 1576; x_wconf 79' lang='grc' dir='ltr'><strong><em>μήσ’</em></strong></span> <span class='ocrx_word' id='word_1_120' title='bbox 1221 1493 1340 1578; x_wconf 77' lang='grc' dir='ltr'><strong><em>ἐκφάγω</em></strong></span> 
     </span>
     <span class='ocr_line' id='line_1_13' title="bbox 164 1589 1340 1675; baseline -0.002 -19"><span class='ocrx_word' id='word_1_121' title='bbox 164 1617 218 1672; x_wconf 86' lang='lat' dir='ltr'>pro</span> <span class='ocrx_word' id='word_1_122' title='bbox 252 1589 291 1672; x_wconf 83' lang='grc' dir='ltr'>μά</span> <span class='ocrx_word' id='word_1_123' title='bbox 324 1590 378 1673; x_wconf 80' lang='grc' dir='ltr'>τὴν</span> <span class='ocrx_word' id='word_1_124' title='bbox 406 1589 548 1675; x_wconf 81' lang='grc' dir='ltr'>Δήμητρά</span> <span class='ocrx_word' id='word_1_125' title='bbox 582 1590 632 1675; x_wconf 86' lang='grc' dir='ltr'>γ’</span> <span class='ocrx_word' id='word_1_126' title='bbox 641 1597 667 1656; x_wconf 87' lang='grc' dir='ltr'><strong><em>εί</em></strong></span> <span class='ocrx_word' id='word_1_127' title='bbox 697 1590 739 1675; x_wconf 76' lang='grc' dir='ltr'>μή</span> <span class='ocrx_word' id='word_1_128' title='bbox 771 1589 797 1655; x_wconf 86' lang='lat' dir='ltr'>o’</span> <span class='ocrx_word' id='word_1_129' title='bbox 828 1590 948 1675; x_wconf 75' lang='grc' dir='ltr'>ἐκφάγω</span> <span class='ocrx_word' id='word_1_130' title='bbox 980 1597 1112 1672; x_wconf 81' lang='lat' dir='ltr'>itemque</span> <span class='ocrx_word' id='word_1_131' title='bbox 1142 1589 1251 1656; x_wconf 92' lang='grc'>700</span> <span class='ocrx_word' id='word_1_132' title='bbox 1233 1619 1273 1674; x_wconf 83' lang='grc' dir='ltr'>ην</span> <span class='ocrx_word' id='word_1_133' title='bbox 1301 1591 1340 1674; x_wconf 78' lang='grc' dir='ltr'>μὴ</span> 
     </span>
     <span class='ocr_line' id='line_1_14' title="bbox 161 1687 1344 1775; baseline 0.001 -22.01"><span class='ocrx_word' id='word_1_134' title='bbox 161 1688 292 1775; x_wconf 77' lang='grc' dir='ltr'>’πφάγγς</span> <span class='ocrx_word' id='word_1_135' title='bbox 314 1714 367 1770; x_wconf 95' lang='lat' dir='ltr'>pro</span> <span class='ocrx_word' id='word_1_136' title='bbox 391 1693 418 1752; x_wconf 90' lang='grc' dir='ltr'><strong><em>εί</em></strong></span> <span class='ocrx_word' id='word_1_137' title='bbox 440 1687 479 1771; x_wconf 78' lang='grc' dir='ltr'>μὴ</span> <span class='ocrx_word' id='word_1_138' title='bbox 499 1687 631 1775; x_wconf 77' lang='grc' dir='ltr'>’πφάγῃς</span> <span class='ocrx_word' id='word_1_139' title='bbox 657 1694 780 1770; x_wconf 88' lang='lat' dir='ltr'>plurimi</span> <span class='ocrx_word' id='word_1_140' title='bbox 807 1695 878 1753; x_wconf 87' lang='lat' dir='ltr'>libri</span> <span class='ocrx_word' id='word_1_141' title='bbox 905 1697 1025 1771; x_wconf 88' lang='lat' dir='ltr'>praeter</span> <span class='ocrx_word' id='word_1_142' title='bbox 1052 1695 1124 1755; x_wconf 84' lang='lat' dir='ltr'>Rau</span> <span class='ocrx_word' id='word_1_143' title='bbox 1154 1695 1344 1754; x_wconf 89' lang='lat' dir='ltr'>habeantet</span> 
     </span>
     <span class='ocr_line' id='line_1_15' title="bbox 162 1791 1344 1871; baseline 0 -21"><span class='ocrx_word' id='word_1_144' title='bbox 162 1793 276 1851; x_wconf 86' lang='lat' dir='ltr'>ibidem</span> <span class='ocrx_word' id='word_1_145' title='bbox 305 1794 368 1852; x_wconf 89' lang='grc'>805</span> <span class='ocrx_word' id='word_1_146' title='bbox 398 1791 557 1851; x_wconf 89' lang='lat' dir='ltr'>Velsenius</span> <span class='ocrx_word' id='word_1_147' title='bbox 589 1794 671 1851; x_wconf 91' lang='lat' dir='ltr'>recte</span> <span class='ocrx_word' id='word_1_148' title='bbox 704 1792 883 1867; x_wconf 83' lang='lat' dir='ltr'>scripturam</span> <span class='ocrx_word' id='word_1_149' title='bbox 915 1792 974 1851; x_wconf 89' lang='grc' dir='ltr'>εί.</span> <span class='ocrx_word' id='word_1_150' title='bbox 1039 1792 1222 1871; x_wconf 76' lang='grc' dir='ltr'><strong><em>,διατρίψει</em></strong></span> <span class='ocrx_word' id='word_1_151' title='bbox 1255 1794 1299 1852; x_wconf 91' lang='lat' dir='ltr'>alt</span> <span class='ocrx_word' id='word_1_152' title='bbox 1286 1794 1344 1852; x_wconf 92' lang='lat' dir='ltr'>teri</span> 
     </span>
     <span class='ocr_line' id='line_1_16' title="bbox 164 1888 1344 1968; baseline 0 -19"><span class='ocrx_word' id='word_1_153' title='bbox 164 1890 191 1949; x_wconf 87' lang='grc' dir='ltr'><strong><em>εί</em></strong></span> <span class='ocrx_word' id='word_1_154' title='bbox 213 1934 220 1947; x_wconf 93' lang='grc'><strong>.</strong></span> <span class='ocrx_word' id='word_1_155' title='bbox 241 1935 247 1947; x_wconf 93' lang='grc'><strong>.</strong></span> <span class='ocrx_word' id='word_1_156' title='bbox 268 1936 274 1946; x_wconf 92' lang='grc'><strong>.</strong></span> <span class='ocrx_word' id='word_1_157' title='bbox 299 1888 440 1968; x_wconf 79' lang='grc' dir='ltr'><em>διατρίψῃ</em></span> <span class='ocrx_word' id='word_1_158' title='bbox 464 1892 550 1964; x_wconf 89' lang='lat' dir='ltr'>praet</span> <span class='ocrx_word' id='word_1_159' title='bbox 537 1890 644 1947; x_wconf 89' lang='lat' dir='ltr'>tulisse</span> <span class='ocrx_word' id='word_1_160' title='bbox 667 1889 859 1949; x_wconf 85' lang='lat' dir='ltr'>rideaturet</span> <span class='ocrx_word' id='word_1_161' title='bbox 887 1891 918 1947; x_wconf 90' lang='grc'>11</span> <span class='ocrx_word' id='word_1_162' title='bbox 942 1889 1010 1950; x_wconf 88' lang='lat' dir='ltr'>Pac.</span> <span class='ocrx_word' id='word_1_163' title='bbox 1034 1891 1098 1948; x_wconf 88' lang='grc'>450</span> <span class='ocrx_word' id='word_1_164' title='bbox 1128 1892 1281 1949; x_wconf 87' lang='lat' dir='ltr'>lenissima</span> <span class='ocrx_word' id='word_1_165' title='bbox 1304 1892 1344 1950; x_wconf 92' lang='lat' dir='ltr'>sit</span> 
     </span>
     <span class='ocr_line' id='line_1_17' title="bbox 164 1979 1343 2070; baseline 0.002 -25"><span class='ocrx_word' id='word_1_166' title='bbox 164 1988 293 2046; x_wconf 90' lang='lat' dir='ltr'>mutatio</span> <span class='ocrx_word' id='word_1_167' title='bbox 330 1985 378 2044; x_wconf 82' lang='grc' dir='ltr'><strong><em>πεί</em></strong></span> <span class='ocrx_word' id='word_1_168' title='bbox 411 2007 483 2056; x_wconf 87' lang='grc' dir='ltr'>τις.</span> <span class='ocrx_word' id='word_1_169' title='bbox 509 2032 515 2043; x_wconf 92' lang='grc'><strong>.</strong></span> <span class='ocrx_word' id='word_1_170' title='bbox 540 2029 546 2042; x_wconf 95' lang='grc'><strong>.</strong></span> <span class='ocrx_word' id='word_1_171' title='bbox 583 1979 623 2063; x_wconf 77' lang='grc' dir='ltr'>μὴ</span> <span class='ocrx_word' id='word_1_172' title='bbox 656 1980 795 2064; x_wconf 75' lang='grc' dir='ltr'><em>ξυλλάβοι</em></span> <span class='ocrx_word' id='word_1_173' title='bbox 827 2005 880 2060; x_wconf 95' lang='lat' dir='ltr'>pro</span> <span class='ocrx_word' id='word_1_174' title='bbox 912 1985 961 2044; x_wconf 81' lang='grc' dir='ltr'><strong><em>πεί</em></strong></span> <span class='ocrx_word' id='word_1_175' title='bbox 982 2009 1025 2057; x_wconf 90' lang='grc' dir='ltr'>τις</span> <span class='ocrx_word' id='word_1_176' title='bbox 1048 2034 1054 2046; x_wconf 92' lang='grc'><strong>.</strong></span> <span class='ocrx_word' id='word_1_177' title='bbox 1079 2034 1085 2046; x_wconf 92' lang='grc'><strong>.</strong></span> <span class='ocrx_word' id='word_1_178' title='bbox 1112 2033 1118 2045; x_wconf 92' lang='grc'><strong>.</strong></span> <span class='ocrx_word' id='word_1_179' title='bbox 1146 1981 1182 2064; x_wconf 78' lang='grc' dir='ltr'>μί</span> <span class='ocrx_word' id='word_1_180' title='bbox 1215 1982 1343 2070; x_wconf 77' lang='grc' dir='ltr'><strong><em>ξολλάβῃ</em></strong></span> 
     </span>
     <span class='ocr_line' id='line_1_18' title="bbox 164 2081 1343 2162; baseline 0.002 -19"><span class='ocrx_word' id='word_1_181' title='bbox 164 2106 183 2143; x_wconf 84' lang='grc'>1</span> <span class='ocrx_word' id='word_1_182' title='bbox 213 2083 361 2142; x_wconf 84' lang='lat' dir='ltr'>Meinekio</span> <span class='ocrx_word' id='word_1_183' title='bbox 390 2081 559 2158; x_wconf 83' lang='lat' dir='ltr'>proposita,</span> <span class='ocrx_word' id='word_1_184' title='bbox 594 2084 631 2140; x_wconf 91' lang='lat' dir='ltr'>ad</span> <span class='ocrx_word' id='word_1_185' title='bbox 661 2103 750 2159; x_wconf 91' lang='lat' dir='ltr'>quem</span> <span class='ocrx_word' id='word_1_186' title='bbox 782 2084 950 2158; x_wconf 88' lang='lat' dir='ltr'>optativum</span> <span class='ocrx_word' id='word_1_187' title='bbox 977 2085 1013 2144; x_wconf 87' lang='lat' dir='ltr'>cf.</span> <span class='ocrx_word' id='word_1_188' title='bbox 1041 2086 1116 2162; x_wconf 79' lang='lat' dir='ltr'>Elqu.</span> <span class='ocrx_word' id='word_1_189' title='bbox 1147 2088 1210 2145; x_wconf 87' lang='grc'>694</span> <span class='ocrx_word' id='word_1_190' title='bbox 1242 2086 1343 2162; x_wconf 89' lang='lat' dir='ltr'>ibique</span> 
     </span>
     <span class='ocr_line' id='line_1_19' title="bbox 168 2179 1404 2258; baseline 0.002 -19"><span class='ocrx_word' id='word_1_191' title='bbox 168 2181 275 2240; x_wconf 82' lang='lat' dir='ltr'>Kookii</span> <span class='ocrx_word' id='word_1_192' title='bbox 299 2179 365 2238; x_wconf 88' lang='lat' dir='ltr'>adn.</span> <span class='ocrx_word' id='word_1_193' title='bbox 391 2180 460 2256; x_wconf 87' lang='lat' dir='ltr'>Lys.</span> <span class='ocrx_word' id='word_1_194' title='bbox 482 2181 555 2238; x_wconf 82' lang='lat'><strong>235.</strong></span> <span class='ocrx_word' id='word_1_195' title='bbox 580 2180 658 2239; x_wconf 91' lang='lat' dir='ltr'>Plut.</span> <span class='ocrx_word' id='word_1_196' title='bbox 686 2184 778 2241; x_wconf 81' lang='lat'>1072.</span> <span class='ocrx_word' id='word_1_197' title='bbox 816 2181 873 2240; x_wconf 91' lang='lat' dir='ltr'>His</span> <span class='ocrx_word' id='word_1_198' title='bbox 895 2182 990 2258; x_wconf 86' lang='lat' dir='ltr'>igitur</span> <span class='ocrx_word' id='word_1_199' title='bbox 1012 2182 1084 2242; x_wconf 93' lang='lat' dir='ltr'>locis</span> <span class='ocrx_word' id='word_1_200' title='bbox 1109 2183 1135 2241; x_wconf 87' lang='lat' dir='ltr'>si</span> <span class='ocrx_word' id='word_1_201' title='bbox 1157 2183 1254 2242; x_wconf 91' lang='lat' dir='ltr'>nudus</span> <span class='ocrx_word' id='word_1_202' title='bbox 1278 2203 1343 2242; x_wconf 88' lang='lat' dir='ltr'>con·</span> <span class='ocrx_word' id='word_1_203' title='bbox 1399 2234 1404 2241; x_wconf 92' lang='lat'><strong>.</strong></span> 
     </span>
     <span class='ocr_line' id='line_1_20' title="bbox 166 2279 1343 2355; baseline 0.002 -17"><span class='ocrx_word' id='word_1_204' title='bbox 166 2280 318 2338; x_wconf 87' lang='lat' dir='ltr'>iunctivus</span> <span class='ocrx_word' id='word_1_205' title='bbox 348 2281 502 2353; x_wconf 80' lang='lat' dir='ltr'>exemptus</span> <span class='ocrx_word' id='word_1_206' title='bbox 531 2281 591 2353; x_wconf 90' lang='lat' dir='ltr'>est,</span> <span class='ocrx_word' id='word_1_207' title='bbox 619 2279 711 2338; x_wconf 85' lang='lat' dir='ltr'>etiam</span> <span class='ocrx_word' id='word_1_208' title='bbox 734 2282 856 2355; x_wconf 88' lang='lat' dir='ltr'>praeter</span> <span class='ocrx_word' id='word_1_209' title='bbox 879 2281 1097 2339; x_wconf 89' lang='lat' dir='ltr'>sententiarum</span> <span class='ocrx_word' id='word_1_210' title='bbox 1121 2280 1254 2339; x_wconf 88' lang='lat' dir='ltr'>finalium</span> <span class='ocrx_word' id='word_1_211' title='bbox 1278 2301 1343 2340; x_wconf 89' lang='lat' dir='ltr'>con-</span> 
     </span>
     <span class='ocr_line' id='line_1_21' title="bbox 167 2377 1343 2453; baseline 0 -16"><span class='ocrx_word' id='word_1_212' title='bbox 167 2397 288 2437; x_wconf 87' lang='lat' dir='ltr'>sensum</span> <span class='ocrx_word' id='word_1_213' title='bbox 316 2394 407 2450; x_wconf 87' lang='lat' dir='ltr'>supra</span> <span class='ocrx_word' id='word_1_214' title='bbox 435 2378 634 2436; x_wconf 87' lang='lat' dir='ltr'>memoratum</span> <span class='ocrx_word' id='word_1_215' title='bbox 656 2377 868 2453; x_wconf 85' lang='lat' dir='ltr'>Aristophanis</span> <span class='ocrx_word' id='word_1_216' title='bbox 894 2397 992 2437; x_wconf 90' lang='lat' dir='ltr'>sermo</span> <span class='ocrx_word' id='word_1_217' title='bbox 1017 2397 1084 2438; x_wconf 89' lang='lat' dir='ltr'>cum</span> <span class='ocrx_word' id='word_1_218' title='bbox 1112 2379 1209 2437; x_wconf 91' lang='lat' dir='ltr'>titulis</span> <span class='ocrx_word' id='word_1_219' title='bbox 1233 2379 1343 2438; x_wconf 87' lang='lat' dir='ltr'>Atticis</span> 
     </span>
     <span class='ocr_line' id='line_1_22' title="bbox 165 2473 1342 2552; baseline 0.002 -18"><span class='ocrx_word' id='word_1_220' title='bbox 165 2477 254 2552; x_wconf 87' lang='lat' dir='ltr'>plane</span> <span class='ocrx_word' id='word_1_221' title='bbox 269 2473 416 2547; x_wconf 86' lang='lat' dir='ltr'>convenit,</span> <span class='ocrx_word' id='word_1_222' title='bbox 434 2473 466 2532; x_wconf 92' lang='lat' dir='ltr'>in</span> <span class='ocrx_word' id='word_1_223' title='bbox 484 2494 610 2550; x_wconf 91' lang='lat' dir='ltr'>quorum</span> <span class='ocrx_word' id='word_1_224' title='bbox 630 2476 792 2536; x_wconf 89' lang='lat' dir='ltr'>enuntiatis</span> <span class='ocrx_word' id='word_1_225' title='bbox 813 2477 1064 2537; x_wconf 88' lang='lat' dir='ltr'>condicionalibus</span> <span class='ocrx_word' id='word_1_226' title='bbox 1079 2478 1214 2538; x_wconf 86' lang='lat' dir='ltr'>relativis</span> <span class='ocrx_word' id='word_1_227' title='bbox 1229 2478 1342 2552; x_wconf 90' lang='lat' dir='ltr'>tempo-</span> 
     </span>
     <span class='ocr_line' id='line_1_23' title="bbox 167 2568 1027 2651; baseline 0.005 -20"><span class='ocrx_word' id='word_1_228' title='bbox 167 2573 282 2632; x_wconf 91' lang='lat' dir='ltr'>ralibus</span> <span class='ocrx_word' id='word_1_229' title='bbox 306 2570 510 2632; x_wconf 87' lang='lat' dir='ltr'>coniunctivus</span> <span class='ocrx_word' id='word_1_230' title='bbox 534 2592 681 2649; x_wconf 87' lang='lat' dir='ltr'>nusquam</span> <span class='ocrx_word' id='word_1_231' title='bbox 705 2568 744 2633; x_wconf 84' lang='grc' dir='ltr'>άν</span> <span class='ocrx_word' id='word_1_232' title='bbox 767 2575 916 2651; x_wconf 84' lang='lat' dir='ltr'>particula</span> <span class='ocrx_word' id='word_1_233' title='bbox 939 2578 1027 2635; x_wconf 89' lang='lat' dir='ltr'>caret.</span> 
     </span>
    </p>
   </div>
   <div class='ocr_carea' id='block_1_4' title="bbox 736 2826 771 2896">
    <p class='ocr_par' dir='ltr' id='par_1_4' title="bbox 736 2826 771 2896">
     <span class='ocr_line' id='line_1_24' title="bbox 736 2826 771 2896; baseline 0.057 -2"><span class='ocrx_word' id='word_1_234' title='bbox 736 2826 771 2896; x_wconf 87' lang='lat' dir='ltr'>V.</span> 
     </span>
    </p>
   </div>
   <div class='ocr_carea' id='block_1_5' title="bbox 165 2965 1345 4516">
    <p class='ocr_par' dir='ltr' id='par_1_5' title="bbox 165 2965 1345 4516">
     <span class='ocr_line' id='line_1_25' title="bbox 256 2965 1343 3043; baseline 0.002 -19"><span class='ocrx_word' id='word_1_235' title='bbox 256 2965 444 3025; x_wconf 80' lang='lat' dir='ltr'>Confusiouis</span> <span class='ocrx_word' id='word_1_236' title='bbox 482 2968 609 3025; x_wconf 89' lang='lat' dir='ltr'>duarum</span> <span class='ocrx_word' id='word_1_237' title='bbox 646 2970 866 3026; x_wconf 84' lang='lat' dir='ltr'>structurarum</span> <span class='ocrx_word' id='word_1_238' title='bbox 898 2968 999 3043; x_wconf 91' lang='lat' dir='ltr'>Poppo</span> <span class='ocrx_word' id='word_1_239' title='bbox 1036 2968 1108 3026; x_wconf 90' lang='lat' dir='ltr'>olim</span> <span class='ocrx_word' id='word_1_240' title='bbox 1140 2968 1171 3024; x_wconf 93' lang='lat' dir='ltr'>in</span> <span class='ocrx_word' id='word_1_241' title='bbox 1202 2966 1343 3043; x_wconf 83' lang='lat' dir='ltr'>Prolegg.</span> 
     </span>
     <span class='ocr_line' id='line_1_26' title="bbox 165 3058 1343 3143; baseline 0.003 -22"><span class='ocrx_word' id='word_1_242' title='bbox 165 3087 194 3140; x_wconf 91' lang='lat' dir='ltr'>p.</span> <span class='ocrx_word' id='word_1_243' title='bbox 221 3065 284 3121; x_wconf 83' lang='lat'>150</span> <span class='ocrx_word' id='word_1_244' title='bbox 295 3083 358 3138; x_wconf 89' lang='lat' dir='ltr'>sqq.</span> <span class='ocrx_word' id='word_1_245' title='bbox 389 3065 461 3122; x_wconf 86' lang='lat' dir='ltr'>haec</span> <span class='ocrx_word' id='word_1_246' title='bbox 490 3065 625 3140; x_wconf 83' lang='lat' dir='ltr'>exempla</span> <span class='ocrx_word' id='word_1_247' title='bbox 652 3066 769 3125; x_wconf 88' lang='lat' dir='ltr'>attulit:</span> <span class='ocrx_word' id='word_1_248' title='bbox 798 3067 826 3122; x_wconf 93' lang='lat' dir='ltr'><strong>V</strong></span> <span class='ocrx_word' id='word_1_249' title='bbox 856 3068 884 3142; x_wconf 92' lang='grc'>7,</span> <span class='ocrx_word' id='word_1_250' title='bbox 915 3070 932 3124; x_wconf 80' lang='lat'><strong>2</strong></span> <span class='ocrx_word' id='word_1_251' title='bbox 962 3060 1140 3142; x_wconf 80' lang='grc' dir='ltr'><strong><em>αἰσθόμενος</em></strong></span> <span class='ocrx_word' id='word_1_252' title='bbox 1166 3058 1218 3125; x_wconf 85' lang='grc' dir='ltr'>τὸν</span> <span class='ocrx_word' id='word_1_253' title='bbox 1246 3068 1343 3143; x_wconf 80' lang='grc' dir='ltr'><strong><em>θροῦν</em></strong></span> 
     </span>
     <span class='ocr_line' id='line_1_27' title="bbox 165 3144 1343 3246; baseline 0.003 -29"><span class='ocrx_word' id='word_1_254' title='bbox 165 3157 216 3218; x_wconf 81' lang='grc' dir='ltr'>καὶ</span> <span class='ocrx_word' id='word_1_255' title='bbox 244 3153 280 3218; x_wconf 79' lang='grc' dir='ltr'>οὐ</span> <span class='ocrx_word' id='word_1_256' title='bbox 308 3153 489 3238; x_wconf 84' lang='grc' dir='ltr'><strong><em>βουλόμενος</em></strong></span> <span class='ocrx_word' id='word_1_257' title='bbox 517 3154 627 3232; x_wconf 77' lang='grc' dir='ltr'><strong><em>αὐτοὺς</em></strong></span> <span class='ocrx_word' id='word_1_258' title='bbox 655 3156 705 3221; x_wconf 89' lang='grc' dir='ltr'><strong><em>διδι</em></strong></span> <span class='ocrx_word' id='word_1_259' title='bbox 728 3153 759 3220; x_wconf 89' lang='grc' dir='ltr'>τδ</span> <span class='ocrx_word' id='word_1_260' title='bbox 784 3160 815 3222; x_wconf 83' lang='grc' dir='ltr'>ἐν</span> <span class='ocrx_word' id='word_1_261' title='bbox 838 3164 877 3246; x_wconf 79' lang='grc' dir='ltr'>τῷ</span> <span class='ocrx_word' id='word_1_262' title='bbox 901 3156 980 3246; x_wconf 80' lang='grc' dir='ltr'><strong><em>αὐτῷ</em></strong></span> <span class='ocrx_word' id='word_1_263' title='bbox 1003 3144 1194 3240; x_wconf 60' lang='grc' dir='ltr'><strong><em>καθημένους</em></strong></span> <span class='ocrx_word' id='word_1_264' title='bbox 1217 3156 1343 3240; x_wconf 80' lang='grc' dir='ltr'><strong><em>βαρύνε-</em></strong></span> 
     </span>
     <span class='ocr_line' id='line_1_28' title="bbox 166 3246 1344 3336; baseline 0.003 -20"><span class='ocrx_word' id='word_1_265' title='bbox 166 3262 241 3316; x_wconf 81' lang='grc' dir='ltr'><strong><em>σθαι</em></strong></span> <span class='ocrx_word' id='word_1_266' title='bbox 263 3249 424 3335; x_wconf 81' lang='grc' dir='ltr'><strong><em>άναλαβῶν</em></strong></span> <span class='ocrx_word' id='word_1_267' title='bbox 442 3246 525 3336; x_wconf 76' lang='grc' dir='ltr'><strong><em>ἦγεν,</em></strong></span> <span class='ocrx_word' id='word_1_268' title='bbox 548 3258 592 3316; x_wconf 91' lang='lat' dir='ltr'>IV</span> <span class='ocrx_word' id='word_1_269' title='bbox 613 3261 664 3336; x_wconf 87' lang='grc'>63,</span> <span class='ocrx_word' id='word_1_270' title='bbox 686 3265 701 3318; x_wconf 94' lang='grc'>1</span> <span class='ocrx_word' id='word_1_271' title='bbox 727 3258 776 3319; x_wconf 72' lang='grc' dir='ltr'>καὶ</span> <span class='ocrx_word' id='word_1_272' title='bbox 799 3262 856 3319; x_wconf 84' lang='grc' dir='ltr'>νῦν</span> <span class='ocrx_word' id='word_1_273' title='bbox 878 3262 930 3318; x_wconf 82' lang='grc' dir='ltr'>τοῦ</span> <span class='ocrx_word' id='word_1_274' title='bbox 954 3253 1091 3336; x_wconf 83' lang='grc' dir='ltr'><strong><em>άφανοῦς</em></strong></span> <span class='ocrx_word' id='word_1_275' title='bbox 1113 3282 1141 3318; x_wconf 90' lang='grc' dir='ltr'><strong><em>τε</em></strong></span> <span class='ocrx_word' id='word_1_276' title='bbox 1164 3253 1270 3320; x_wconf 74' lang='grc' dir='ltr'><strong><em>τούτου</em></strong></span> <span class='ocrx_word' id='word_1_277' title='bbox 1294 3255 1344 3319; x_wconf 82' lang='grc' dir='ltr'>διά</span> 
     </span>
     <span class='ocr_line' id='line_1_29' title="bbox 165 3344 1343 3436; baseline 0.003 -22"><span class='ocrx_word' id='word_1_278' title='bbox 165 3351 197 3416; x_wconf 88' lang='grc' dir='ltr'>τδ</span> <span class='ocrx_word' id='word_1_279' title='bbox 222 3344 402 3433; x_wconf 83' lang='grc' dir='ltr'><strong><em>άτὲκμαρτον</em></strong></span> <span class='ocrx_word' id='word_1_280' title='bbox 425 3351 492 3428; x_wconf 82' lang='grc' dir='ltr'><strong><em>δέος</em></strong></span> <span class='ocrx_word' id='word_1_281' title='bbox 514 3353 564 3414; x_wconf 81' lang='grc' dir='ltr'>καί</span> <span class='ocrx_word' id='word_1_282' title='bbox 588 3350 637 3415; x_wconf 85' lang='grc' dir='ltr'>διδ</span> <span class='ocrx_word' id='word_1_283' title='bbox 660 3351 691 3417; x_wconf 84' lang='grc' dir='ltr'>τὸ</span> <span class='ocrx_word' id='word_1_284' title='bbox 715 3351 774 3436; x_wconf 75' lang='grc' dir='ltr'>ἤδη</span> <span class='ocrx_word' id='word_1_285' title='bbox 803 3351 952 3436; x_wconf 76' lang='grc' dir='ltr'><strong><em>φοβεροὺς</em></strong></span> <span class='ocrx_word' id='word_1_286' title='bbox 979 3351 1126 3436; x_wconf 81' lang='grc' dir='ltr'><strong><em>παρόντας</em></strong></span> <span class='ocrx_word' id='word_1_287' title='bbox 1151 3352 1343 3436; x_wconf 78' lang='grc' dir='ltr'><strong><em>Ἀθηναίους,</em></strong></span> 
     </span>
     <span class='ocr_line' id='line_1_30' title="bbox 166 3447 1343 3535; baseline 0.003 -23"><span class='ocrx_word' id='word_1_288' title='bbox 166 3448 231 3513; x_wconf 79' lang='grc' dir='ltr'><strong><em>κατ’</em></strong></span> <span class='ocrx_word' id='word_1_289' title='bbox 262 3447 414 3532; x_wconf 73' lang='grc' dir='ltr'><strong><em>ἀμφότερα</em></strong></span> <span class='ocrx_word' id='word_1_290' title='bbox 442 3451 629 3535; x_wconf 73' lang='grc' dir='ltr'><strong><em>ἐκπλαγέντες</em></strong></span> <span class='ocrx_word' id='word_1_291' title='bbox 658 3503 663 3513; x_wconf 93' lang='grc'><strong>.</strong></span> <span class='ocrx_word' id='word_1_292' title='bbox 689 3501 695 3514; x_wconf 99' lang='grc'><strong>.</strong></span> <span class='ocrx_word' id='word_1_293' title='bbox 719 3501 726 3514; x_wconf 90' lang='grc'><strong>.</strong></span> <span class='ocrx_word' id='word_1_294' title='bbox 755 3449 824 3528; x_wconf 81' lang='grc' dir='ltr'><strong><em>τοὺς</em></strong></span> <span class='ocrx_word' id='word_1_295' title='bbox 856 3453 1019 3531; x_wconf 78' lang='grc' dir='ltr'><strong><em>ἐφεστῶτας</em></strong></span> <span class='ocrx_word' id='word_1_296' title='bbox 1048 3457 1205 3534; x_wconf 81' lang='grc' dir='ltr'><strong><em>πολεμίους</em></strong></span> <span class='ocrx_word' id='word_1_297' title='bbox 1233 3455 1265 3516; x_wconf 84' lang='grc' dir='ltr'><strong><em>εἰι</em></strong></span> <span class='ocrx_word' id='word_1_298' title='bbox 1292 3458 1343 3534; x_wconf 77' lang='grc' dir='ltr'>τῆς</span> 
     </span>
     <span class='ocr_line' id='line_1_31' title="bbox 167 3545 1344 3632; baseline 0.002 -21"><span class='ocrx_word' id='word_1_299' title='bbox 167 3547 263 3630; x_wconf 78' lang='grc' dir='ltr'><strong><em>χώρας</em></strong></span> <span class='ocrx_word' id='word_1_300' title='bbox 286 3545 523 3631; x_wconf 75' lang='grc' dir='ltr'><strong><em>άποπέμπωμεν,</em></strong></span> <span class='ocrx_word' id='word_1_301' title='bbox 546 3553 562 3611; x_wconf 91' lang='grc' dir='ltr'>Ι</span> <span class='ocrx_word' id='word_1_302' title='bbox 587 3557 614 3627; x_wconf 80' lang='grc'>2,</span> <span class='ocrx_word' id='word_1_303' title='bbox 640 3555 658 3612; x_wconf 91' lang='grc'><strong>5</strong></span> <span class='ocrx_word' id='word_1_304' title='bbox 682 3547 737 3631; x_wconf 77' lang='grc' dir='ltr'>τὴν</span> <span class='ocrx_word' id='word_1_305' title='bbox 759 3556 834 3632; x_wconf 82' lang='grc' dir='ltr'><strong><em>γοῦν</em></strong></span> <span class='ocrx_word' id='word_1_306' title='bbox 853 3546 986 3632; x_wconf 77' lang='grc' dir='ltr'><strong><em>Ἀττικὴν</em></strong></span> <span class='ocrx_word' id='word_1_307' title='bbox 1009 3552 1041 3614; x_wconf 79' lang='grc' dir='ltr'>ἐν</span> <span class='ocrx_word' id='word_1_308' title='bbox 1063 3557 1115 3615; x_wconf 82' lang='grc' dir='ltr'>τοῦ</span> <span class='ocrx_word' id='word_1_309' title='bbox 1138 3552 1187 3614; x_wconf 78' lang='grc' dir='ltr'>ἐπὶ</span> <span class='ocrx_word' id='word_1_310' title='bbox 1209 3559 1344 3614; x_wconf 87' lang='grc' dir='ltr'><strong><em>πλεῖστον</em></strong></span> 
     </span>
     <span class='ocr_line' id='line_1_32' title="bbox 168 3641 1342 3735; baseline 0 -25"><span class='ocrx_word' id='word_1_311' title='bbox 168 3645 217 3710; x_wconf 78' lang='grc' dir='ltr'>διὰ</span> <span class='ocrx_word' id='word_1_312' title='bbox 241 3645 273 3710; x_wconf 83' lang='grc' dir='ltr'>τὸ</span> <span class='ocrx_word' id='word_1_313' title='bbox 297 3644 460 3729; x_wconf 75' lang='grc' dir='ltr'><strong><em>λεπτόγεων</em></strong></span> <span class='ocrx_word' id='word_1_314' title='bbox 483 3644 675 3712; x_wconf 74' lang='grc' dir='ltr'><strong><em>ἀστασίαστον</em></strong></span> <span class='ocrx_word' id='word_1_315' title='bbox 698 3641 792 3711; x_wconf 77' lang='grc' dir='ltr'><strong><em>οὖσαν</em></strong></span> <span class='ocrx_word' id='word_1_316' title='bbox 815 3647 973 3732; x_wconf 72' lang='grc' dir='ltr'><strong><em>ἅνθρωποι</em></strong></span> <span class='ocrx_word' id='word_1_317' title='bbox 996 3648 1094 3735; x_wconf 75' lang='grc' dir='ltr'><strong><em>ᾤκουν</em></strong></span> <span class='ocrx_word' id='word_1_318' title='bbox 1117 3653 1149 3713; x_wconf 85' lang='grc' dir='ltr'>οί</span> <span class='ocrx_word' id='word_1_319' title='bbox 1170 3647 1255 3712; x_wconf 81' lang='grc' dir='ltr'><strong><em>αὐτοί</em></strong></span> <span class='ocrx_word' id='word_1_320' title='bbox 1276 3652 1342 3726; x_wconf 83' lang='grc' dir='ltr'><strong><em>αίεί,</em></strong></span> 
     </span>
     <span class='ocr_line' id='line_1_33' title="bbox 167 3742 1344 3829; baseline -0.001 -22"><span class='ocrx_word' id='word_1_321' title='bbox 167 3750 243 3807; x_wconf 87' lang='lat' dir='ltr'>Vlll</span> <span class='ocrx_word' id='word_1_322' title='bbox 266 3750 339 3822; x_wconf 89' lang='grc'><strong>105,</strong></span> <span class='ocrx_word' id='word_1_323' title='bbox 361 3751 378 3807; x_wconf 82' lang='grc'>2</span> <span class='ocrx_word' id='word_1_324' title='bbox 400 3747 431 3809; x_wconf 80' lang='grc' dir='ltr'>οἱ</span> <span class='ocrx_word' id='word_1_325' title='bbox 446 3742 685 3827; x_wconf 75' lang='grc' dir='ltr'><strong><em>Πελοποννήσιοι</em></strong></span> <span class='ocrx_word' id='word_1_326' title='bbox 704 3743 753 3809; x_wconf 87' lang='grc' dir='ltr'>διά</span> <span class='ocrx_word' id='word_1_327' title='bbox 771 3772 803 3810; x_wconf 91' lang='grc' dir='ltr'>το</span> <span class='ocrx_word' id='word_1_328' title='bbox 822 3745 1016 3829; x_wconf 78' lang='grc' dir='ltr'><strong><em>κρατήσαντες</em></strong></span> <span class='ocrx_word' id='word_1_329' title='bbox 1034 3745 1128 3821; x_wconf 80' lang='grc' dir='ltr'><strong><em>άδεῶς</em></strong></span> <span class='ocrx_word' id='word_1_330' title='bbox 1148 3744 1230 3809; x_wconf 83' lang='grc' dir='ltr'><strong><em>άλλοι</em></strong></span> <span class='ocrx_word' id='word_1_331' title='bbox 1253 3744 1344 3824; x_wconf 80' lang='grc' dir='ltr'><strong><em>άλλην</em></strong></span> 
     </span>
     <span class='ocr_line' id='line_1_34' title="bbox 169 3840 1342 3928; baseline -0.005 -21"><span class='ocrx_word' id='word_1_332' title='bbox 169 3849 247 3907; x_wconf 82' lang='grc' dir='ltr'><strong><em>ναῦν</em></strong></span> <span class='ocrx_word' id='word_1_333' title='bbox 267 3840 424 3917; x_wconf 76' lang='grc' dir='ltr'><strong><em>διώκοντες</em></strong></span> <span class='ocrx_word' id='word_1_334' title='bbox 442 3840 567 3924; x_wconf 75' lang='grc' dir='ltr'><strong><em>ἤρξαντο</em></strong></span> <span class='ocrx_word' id='word_1_335' title='bbox 587 3844 665 3927; x_wconf 81' lang='grc' dir='ltr'><strong><em>μέρει</em></strong></span> <span class='ocrx_word' id='word_1_336' title='bbox 684 3844 739 3907; x_wconf 80' lang='grc' dir='ltr'><strong><em>τινὶ</em></strong></span> <span class='ocrx_word' id='word_1_337' title='bbox 754 3849 840 3925; x_wconf 82' lang='grc' dir='ltr'><strong><em>σφῶν</em></strong></span> <span class='ocrx_word' id='word_1_338' title='bbox 854 3841 1038 3926; x_wconf 85' lang='grc' dir='ltr'><strong><em>άταιιτότεροι</em></strong></span> <span class='ocrx_word' id='word_1_339' title='bbox 1052 3844 1201 3928; x_wconf 82' lang='grc' dir='ltr'><strong><em>γενέσθαι,</em></strong></span> <span class='ocrx_word' id='word_1_340' title='bbox 1221 3847 1264 3903; x_wconf 91' lang='lat' dir='ltr'>VI</span> <span class='ocrx_word' id='word_1_341' title='bbox 1281 3850 1308 3921; x_wconf 95' lang='grc'>1,</span> <span class='ocrx_word' id='word_1_342' title='bbox 1325 3849 1342 3902; x_wconf 83' lang='grc'>2</span> 
     </span>
     <span class='ocr_line' id='line_1_35' title="bbox 170 3935 1345 4029; baseline -0.005 -23"><span class='ocrx_word' id='word_1_343' title='bbox 170 3944 203 4006; x_wconf 80' lang='grc' dir='ltr'>ἐν</span> <span class='ocrx_word' id='word_1_344' title='bbox 227 3945 318 4005; x_wconf 80' lang='grc' dir='ltr'><strong><em>εἴκοσι</em></strong></span> <span class='ocrx_word' id='word_1_345' title='bbox 341 3943 469 4003; x_wconf 87' lang='grc' dir='ltr'><strong><em>σταδίων</em></strong></span> <span class='ocrx_word' id='word_1_346' title='bbox 487 3939 609 4022; x_wconf 88' lang='grc' dir='ltr'><strong><em>μάλιστα</em></strong></span> <span class='ocrx_word' id='word_1_347' title='bbox 628 3942 719 4029; x_wconf 81' lang='grc' dir='ltr'><strong><em>μέτρῳ</em></strong></span> <span class='ocrx_word' id='word_1_348' title='bbox 738 3948 791 4024; x_wconf 76' lang='grc' dir='ltr'>τῆς</span> <span class='ocrx_word' id='word_1_349' title='bbox 808 3939 963 4022; x_wconf 78' lang='grc' dir='ltr'>θαλάσσης</span> <span class='ocrx_word' id='word_1_350' title='bbox 982 3944 1135 4023; x_wconf 79' lang='grc' dir='ltr'><strong><em>διείργεται</em></strong></span> <span class='ocrx_word' id='word_1_351' title='bbox 1152 3936 1184 4003; x_wconf 82' lang='grc' dir='ltr'>τὸ</span> <span class='ocrx_word' id='word_1_352' title='bbox 1204 3936 1243 4020; x_wconf 77' lang='grc' dir='ltr'>μὴ</span> <span class='ocrx_word' id='word_1_353' title='bbox 1263 3935 1345 4018; x_wconf 79' lang='grc' dir='ltr'><strong><em>ἤπει-</em></strong></span> 
     </span>
     <span class='ocr_line' id='line_1_36' title="bbox 170 4031 1342 4122; baseline -0.006 -18"><span class='ocrx_word' id='word_1_354' title='bbox 170 4067 222 4122; x_wconf 95' lang='grc' dir='ltr'>ρος</span> <span class='ocrx_word' id='word_1_355' title='bbox 245 4031 334 4114; x_wconf 55' lang='lat' dir='ltr'>oriere</span> <span class='ocrx_word' id='word_1_356' title='bbox 358 4041 527 4101; x_wconf 87' lang='lat' dir='ltr'>confudisse</span> <span class='ocrx_word' id='word_1_357' title='bbox 552 4043 630 4101; x_wconf 92' lang='lat' dir='ltr'>enim</span> <span class='ocrx_word' id='word_1_358' title='bbox 650 4045 826 4120; x_wconf 86' lang='lat' dir='ltr'>scriptorem</span> <span class='ocrx_word' id='word_1_359' title='bbox 844 4043 940 4119; x_wconf 90' lang='lat' dir='ltr'>primo</span> <span class='ocrx_word' id='word_1_360' title='bbox 959 4042 1023 4100; x_wconf 91' lang='lat' dir='ltr'>loco</span> <span class='ocrx_word' id='word_1_361' title='bbox 1043 4037 1074 4099; x_wconf 83' lang='grc' dir='ltr'>ἐν</span> <span class='ocrx_word' id='word_1_362' title='bbox 1092 4041 1132 4122; x_wconf 79' lang='grc' dir='ltr'>τῷ</span> <span class='ocrx_word' id='word_1_363' title='bbox 1152 4032 1231 4122; x_wconf 80' lang='grc' dir='ltr'><strong><em>αὐτῷ</em></strong></span> <span class='ocrx_word' id='word_1_364' title='bbox 1249 4044 1342 4116; x_wconf 80' lang='grc' dir='ltr'><strong><em>παθη-</em></strong></span> 
     </span>
     <span class='ocr_line' id='line_1_37' title="bbox 168 4133 1345 4226; baseline -0.001 -25"><span class='ocrx_word' id='word_1_365' title='bbox 168 4137 277 4219; x_wconf 78' lang='grc' dir='ltr'><strong><em>μὲνους</em></strong></span> <span class='ocrx_word' id='word_1_366' title='bbox 306 4145 336 4200; x_wconf 88' lang='grc'>01</span> <span class='ocrx_word' id='word_1_367' title='bbox 364 4134 413 4200; x_wconf 88' lang='grc' dir='ltr'><strong><em>διδι</em></strong></span> <span class='ocrx_word' id='word_1_368' title='bbox 442 4133 474 4200; x_wconf 85' lang='grc' dir='ltr'>τὸ</span> <span class='ocrx_word' id='word_1_369' title='bbox 503 4138 536 4199; x_wconf 81' lang='grc' dir='ltr'>ἒν</span> <span class='ocrx_word' id='word_1_370' title='bbox 565 4143 605 4224; x_wconf 81' lang='grc' dir='ltr'>τῷ</span> <span class='ocrx_word' id='word_1_371' title='bbox 638 4135 716 4226; x_wconf 72' lang='grc' dir='ltr'><strong><em>αὐτῷ</em></strong></span> <span class='ocrx_word' id='word_1_372' title='bbox 749 4136 906 4217; x_wconf 75' lang='grc' dir='ltr'><strong><em>καθῆσθαι</em></strong></span> <span class='ocrx_word' id='word_1_373' title='bbox 939 4139 1134 4212; x_wconf 85' lang='lat' dir='ltr'>similiterque</span> <span class='ocrx_word' id='word_1_374' title='bbox 1167 4138 1198 4195; x_wconf 89' lang='lat' dir='ltr'>in</span> <span class='ocrx_word' id='word_1_375' title='bbox 1229 4138 1345 4200; x_wconf 76' lang='lat' dir='ltr'>ceteris,</span> 
     </span>
     <span class='ocr_line' id='line_1_38' title="bbox 169 4236 1344 4314; baseline -0.003 -16"><span class='ocrx_word' id='word_1_376' title='bbox 169 4241 265 4309; x_wconf 77' lang='lat' dir='ltr'>Quam</span> <span class='ocrx_word' id='word_1_377' title='bbox 288 4239 566 4314; x_wconf 87' lang='lat' dir='ltr'>interpretationem</span> <span class='ocrx_word' id='word_1_378' title='bbox 586 4259 605 4298; x_wconf 98' lang='lat' dir='ltr'>a</span> <span class='ocrx_word' id='word_1_379' title='bbox 625 4240 663 4300; x_wconf 89' lang='lat' dir='ltr'>M.</span> <span class='ocrx_word' id='word_1_380' title='bbox 681 4239 815 4314; x_wconf 86' lang='lat' dir='ltr'>Hauptio</span> <span class='ocrx_word' id='word_1_381' title='bbox 838 4240 982 4312; x_wconf 88' lang='lat' dir='ltr'>tanquam</span> <span class='ocrx_word' id='word_1_382' title='bbox 1004 4254 1113 4295; x_wconf 87' lang='lat' dir='ltr'>novam</span> <span class='ocrx_word' id='word_1_383' title='bbox 1136 4254 1170 4294; x_wconf 89' lang='lat' dir='ltr'>ae</span> <span class='ocrx_word' id='word_1_384' title='bbox 1193 4236 1344 4310; x_wconf 89' lang='lat' dir='ltr'>propriam</span> 
     </span>
     <span class='ocr_line' id='line_1_39' title="bbox 168 4327 1344 4412; baseline -0.002 -17"><span class='ocrx_word' id='word_1_385' title='bbox 168 4339 199 4396; x_wconf 90' lang='lat' dir='ltr'>in</span> <span class='ocrx_word' id='word_1_386' title='bbox 222 4338 325 4396; x_wconf 89' lang='lat' dir='ltr'>Herm.</span> <span class='ocrx_word' id='word_1_387' title='bbox 349 4337 396 4395; x_wconf 89' lang='grc' dir='ltr'>ΠΙ</span> <span class='ocrx_word' id='word_1_388' title='bbox 419 4358 446 4411; x_wconf 95' lang='lat' dir='ltr'>p.</span> <span class='ocrx_word' id='word_1_389' title='bbox 472 4339 536 4395; x_wconf 88' lang='lat'>150</span> <span class='ocrx_word' id='word_1_390' title='bbox 561 4337 656 4395; x_wconf 91' lang='lat' dir='ltr'>denuo</span> <span class='ocrx_word' id='word_1_391' title='bbox 680 4338 826 4411; x_wconf 88' lang='lat' dir='ltr'>prolatam</span> <span class='ocrx_word' id='word_1_392' title='bbox 853 4353 920 4392; x_wconf 87' lang='lat' dir='ltr'>cum</span> <span class='ocrx_word' id='word_1_393' title='bbox 945 4353 991 4391; x_wconf 91' lang='lat' dir='ltr'>me</span> <span class='ocrx_word' id='word_1_394' title='bbox 1015 4335 1137 4392; x_wconf 88' lang='lat' dir='ltr'>auctore</span> <span class='ocrx_word' id='word_1_395' title='bbox 1162 4327 1212 4412; x_wconf 89' lang='lat' dir='ltr'>(of.</span> <span class='ocrx_word' id='word_1_396' title='bbox 1237 4332 1344 4393; x_wconf 86' lang='lat' dir='ltr'>Annal.</span> 
     </span>
     <span class='ocr_line' id='line_1_40' title="bbox 169 4427 1345 4516; baseline -0.001 -23"><span class='ocrx_word' id='word_1_397' title='bbox 169 4436 243 4513; x_wconf 90' lang='lat' dir='ltr'>phil.</span> <span class='ocrx_word' id='word_1_398' title='bbox 267 4455 294 4495; x_wconf 89' lang='lat' dir='ltr'>a.</span> <span class='ocrx_word' id='word_1_399' title='bbox 316 4437 400 4494; x_wconf 93' lang='grc'><strong>1870</strong></span> <span class='ocrx_word' id='word_1_400' title='bbox 423 4456 451 4511; x_wconf 93' lang='lat' dir='ltr'>p.</span> <span class='ocrx_word' id='word_1_401' title='bbox 472 4437 534 4494; x_wconf 83' lang='lat'>333</span> <span class='ocrx_word' id='word_1_402' title='bbox 547 4427 605 4514; x_wconf 84' lang='lat' dir='ltr'>sq.)</span> <span class='ocrx_word' id='word_1_403' title='bbox 628 4435 829 4516; x_wconf 89' lang='lat' dir='ltr'>improbasset</span> <span class='ocrx_word' id='word_1_404' title='bbox 847 4430 1106 4491; x_wconf 87' lang='lat' dir='ltr'>Reifferscheidius</span> <span class='ocrx_word' id='word_1_405' title='bbox 1125 4430 1157 4489; x_wconf 91' lang='lat' dir='ltr'>in</span> <span class='ocrx_word' id='word_1_406' title='bbox 1176 4427 1345 4492; x_wconf 81' lang='lat' dir='ltr'>Coniectan.</span> 
     </span>
    </p>
   </div>
   <div class='ocr_carea' id='block_1_6' title="bbox 0 0 1520 4936">
    <p class='ocr_par' dir='ltr' id='par_1_6' title="bbox 0 0 1520 4936">
     <span class='ocr_line' id='line_1_41' title="bbox 0 0 1520 4936; baseline 0 0"><span class='ocrx_word' id='word_1_407' title='bbox 0 0 1520 4936; x_wconf 95' lang='lat' dir='ltr'> </span> 
     </span>
    </p>
   </div>
  </div>
 </body>
</html>
