3022 4936
736 317 930 380 ..8-

248 485 320 543 VlIl
341 487 391 560 86,
413 489 440 544 7.
469 483 516 541 Ad
535 484 566 541 id
585 484 664 559 quod
687 483 857 558 quaerimus
880 502 940 541 non
963 485 1095 558 pertinet
1113 485 1140 543 V
1162 488 1224 543 104
1248 478 1418 562 χαλεπὸν..

247 581 403 659 νομίζομεν
426 627 432 641 .
453 627 472 653 .,
501 580 527 639 εί
553 574 592 658 μὴ
620 573 678 639 άπὸ
701 583 754 639 τοῦ
778 579 844 639 ἴσον
868 577 947 638 ἔσται
969 574 1179 661 ἀγωνίζεσθαι,
1208 583 1260 640 ubi
1288 582 1419 640 condicio

248 680 284 738 ad
299 675 425 757 χαλεπόν
440 680 564 753 spectat,
578 678 616 735 ad
631 677 710 753 quod
725 678 849 737 verbum
865 679 1104 738 subaudiendum
1118 684 1173 742 est.
1197 680 1242 739 cf.
1262 677 1318 737 VII
1332 681 1384 748 44,
1399 681 1419 736 4

248 773 297 836 καὶ
325 777 351 836 εί
377 776 478 853 φίλιον
507 775 552 853 εἴη
584 777 642 835 των
673 769 733 854 ἤδη
765 769 855 835 πάλιν
887 770 1073 857 φευγόντων,
1104 775 1244 855 πολέμιον
1276 771 1420 854 ἐνόμιζον,

248 876 323 934 VIII
342 879 393 951 81,
420 880 435 934 1
461 873 588 951 νομίζων
611 865 707 952 μόνην
731 873 886 953 σωτηρίαν,
909 875 936 934 εί
955 873 1141 955 Τισσαφέρνη
1166 871 1265 949 αὐτοῖς
1288 871 1421 954 μεταστη-

248 991 324 1034 σειεν
347 966 406 1033 άπὸ
429 971 687 1049 Πελοποννησίων.

338 1073 465 1131 Restant
475 1090 511 1130 ea
521 1071 677 1129 enuntiata
687 1071 739 1129 ubi
748 1071 913 1130 condicioni
924 1072 1136 1147 significandae
1146 1071 1172 1130 εἰ
1182 1091 1250 1130 cum
1260 1072 1421 1132 indicativo

249 1169 415 1246 praesentis
433 1169 483 1229 rel
501 1169 658 1244 praeteriti
677 1169 845 1230 adhibetur.
870 1171 958 1229 Mitto
977 1174 1078 1229 tamen
1098 1189 1134 1228 ea
1151 1169 1182 1226 in
1202 1170 1309 1246 quibus
1325 1171 1421 1228 condi-

250 1270 363 1327 cionem
373 1287 432 1326 non
446 1267 565 1341 impleri
574 1266 733 1342 indicatur,
746 1266 793 1326 cui
803 1268 967 1327 subiectam
978 1266 1158 1326 sententiam
1168 1266 1198 1323 in
1209 1268 1343 1327 oratione
1353 1287 1423 1342 pen-

250 1365 333 1424 denti
347 1364 493 1423 infinitivo
509 1368 562 1422 aut
576 1364 733 1439 participio
744 1367 909 1439 praesentis
918 1367 967 1426 vel
977 1366 1082 1425 aoristi
1095 1384 1161 1423 cum
1172 1358 1211 1422 άν
1222 1365 1347 1439 exprimi
1356 1385 1422 1424 con-

250 1466 320 1523 stat.
345 1463 472 1537 Reliqua
486 1463 621 1536 exempla
635 1463 708 1521 haec
723 1465 806 1521 suut:
825 1463 840 1520 Ι
858 1465 907 1536 72,
924 1465 941 1520 2
958 1460 1073 1538 ἔφασαν
1092 1454 1254 1540 βούλεσθαι
1272 1460 1322 1521 καὶ
1340 1457 1424 1523 αὐτοὶ

249 1559 278 1632 ἐς
301 1555 332 1620 τὸ
356 1563 473 1637 πλῆθος
496 1553 594 1618 αὐτῶν
618 1558 725 1634 εἰπεῖν,
754 1559 784 1618 εἴ
801 1582 827 1619 τι
855 1554 894 1637 μὴ
923 1554 1103 1636 ἀποκωλύει,
1131 1559 1176 1618 Ill
1202 1562 1253 1636 32,
1278 1564 1296 1618 2
1325 1559 1424 1641 ἔλεγον

250 1653 286 1720 οὖ
309 1661 405 1729 καλῶς
429 1651 482 1735 την
501 1650 630 1715 Ἑλλάδα
653 1653 831 1735 ἐλευθεροῦν
853 1651 955 1734 αὐτόν,
983 1658 1009 1717 εί
1031 1653 1142 1736 άνδρας
1166 1653 1336 1737 διέφθειρεν
1359 1655 1425 1720 οὔτε

250 1761 348 1836 χεῖρας
376 1749 606 1833 άνταιρομένους
634 1749 700 1815 οὔτε
727 1755 885 1833 πολεμίους
912 1751 983 1835 (hoc
1011 1776 1077 1816 cum
1105 1775 1211 1815 revera
1238 1758 1352 1816 lactum
1376 1759 1425 1832 sit,

250 1854 277 1914 εί
302 1873 395 1930 prope
423 1846 467 1913 ὅτι
494 1853 674 1927 particulam
702 1848 844 1935 accedit),
871 1857 923 1928 46,
948 1859 966 1914 2
991 1852 1144 1935 πολιορκία
1166 1874 1195 1912 τε
1224 1846 1303 1934 (τίνα
1327 1855 1425 1916 οἴεσθε

249 1947 354 2031 ἥντινα
382 1944 433 2031 οὗ)
462 1955 690 2028 παρατενεῖσθαι
720 1950 749 2023 ἐς
778 1947 954 2032 τοῦσχατον,
983 1952 1009 2012 εί
1034 1945 1066 2012 τὸ
1095 1945 1166 2011 αὐτὸ
1191 1944 1314 2011 δύναται
1336 1957 1425 2034 σχολῇ

250 2047 299 2110 καὶ
326 2043 397 2128 ταχὺ
425 2049 587 2126 ξυμβῆναι,
619 2051 669 2124 52,
699 2054 717 2108 2
747 2047 881 2130 λε’γοντα,
913 2051 940 2111 εἰ
966 2046 1123 2130 βούλονται
1150 2050 1340 2128 παραδοῦναι
1371 2045 1426 2128 τὴν

250 2143 339 2209 πόλιν
359 2195 365 2208 .
386 2195 401 2224 .,
424 2143 494 2219 τοάς
516 2169 545 2207 τε
568 2141 691 2220 ἀδίκους
711 2143 846 2210 κολάσειν
866 2143 1012 2229 (κολάζειν
1030 2148 1113 2208 codd.
1131 2150 1245 2208 emend.
1266 2142 1425 2230 Krueger)‚

251 2238 331 2323 παρὰ
360 2245 446 2323 δίκην
474 2241 507 2304 δὲ
535 2238 659 2321 οὐδένα,
692 2247 719 2303 V
748 2250 799 2322 41,
828 2250 846 2305 2
881 2246 907 2305 εί
934 2241 1092 2325 βούλονται
1121 2241 1299 2305 σπένδεσθαι
1314 2238 1423 2322 ’ὥσπερ

241 2337 409 2421 πρότερον,
433 2339 542 2418 ἑτοῖμοι
565 2334 656 2419 εἶναι,
682 2344 741 2401 VII
765 2347 794 2420 3,
820 2349 835 2403 1
862 2339 996 2421 λέγοντα,
1021 2342 1047 2401 εἰ
1068 2335 1224 2421 βούλονται
1247 2338 1353 2413 ἐξιέναι
1377 2387 1383 2400 .
1403 2385 1420 2415 .,

252 2437 365 2517 ἑτοῖμος
384 2431 460 2498 εἶναι
479 2435 668 2515 σπένδεσθαι,
693 2443 744 2518 49,
765 2444 782 2499 2
803 2441 830 2501 εί
847 2437 879 2500 δὲ
899 2441 947 2501 δεῖ
962 2436 1001 2518 μη
1021 2433 1147 2519 άπάγειν
1164 2433 1219 2517 τὴν
1233 2433 1368 2517 στρατιὰν
1383 2486 1389 2500 .
1405 2483 1424 2515 .,

253 2531 325 2596 ἄλλά
348 2537 459 2615 τρίβειν
482 2530 600 2610 αὐτούς,
624 2535 682 2615 ἔφη
705 2541 811 2616 χρῆναι
833 2532 852 2617 ἢ
876 2537 906 2611 ἐς
928 2532 983 2616 την
1003 2532 1113 2614 Θάψον
1136 2532 1318 2611 ἀναστάντας
1340 2541 1424 2599 τοῦτο

253 2639 350 2695 ποιεῖν
373 2628 392 2712 ἢ
416 2633 446 2706 ἐς
469 2628 522 2712 την
545 2628 696 2713 Κατάνην,
719 2636 794 2694 VIII
816 2640 867 2715 92,
888 2641 929 2697 10
948 2629 964 2697 ὁ
984 2633 1016 2696 δὲ
1034 2636 1114 2715 εἴπερ
1136 2633 1186 2695 καλ
1205 2634 1327 2710 ἐκείνοις
1345 2636 1427 2696 δοκεῖ

252 2738 425 2812 καθαιρεῖν,
448 2731 497 2791 καὶ
521 2729 614 2817 ἑαυτῷ
637 2731 696 2811 ἔφη
720 2734 882 2806 ξυνδοκεῐν.

342 2831 407 2889 Iam
425 2831 483 2889 duo
503 2831 576 2888 mihi
596 2832 728 2891 effecisse
746 2833 859 2893 videor.
896 2833 971 2893 Cum
992 2835 1121 2893 enimin
1140 2835 1265 2909 prolatis
1284 2835 1427 2911 exemplis

253 2929 280 2989 εί
302 2950 369 2988 cum
392 2929 526 3004 optativo
549 2929 592 2987 ibi
615 2932 734 2988 tantum
757 2935 903 3007 appareat
925 2932 977 2990 ubi
997 2932 1029 2990 in
1047 2932 1182 2991 oratione
1200 2935 1282 2991 recta
1300 2932 1427 3007 scriptor

253 3029 357 3088 eodem
386 3027 473 3086 modo
502 3028 550 3086 vel
573 3021 626 3086 ἐάν
649 3047 716 3086 cum
740 3030 926 3090 coniunctivo
950 3032 1086 3088 uteretur
1117 3023 1204 3110 (talia
1228 3032 1306 3090 enim
1330 3030 1428 3088 omnia

255 3126 318 3186 eius
337 3124 456 3202 generis
480 3142 545 3183 esse
568 3124 740 3202 perspicies,
764 3126 789 3184 si
812 3131 927 3188 attente
952 3149 987 3187 ea
1010 3122 1269 3208 consideraveris),
1294 3128 1428 3204 sequitur

254 3225 449 3286 indicativum
468 3222 494 3282 εἰ
511 3223 679 3298 particulae
697 3224 832 3284 iunctum
852 3225 1056 3302 Thucydidem
1075 3245 1223 3300 nusquam
1241 3225 1272 3284 in
1295 3225 1429 3285 oratione

255 3325 377 3399 obliqua
403 3323 435 3380 in
462 3320 629 3396 optativum
656 3324 858 3384 transtulisse.
903 3324 1008 3398 Neque
1032 3324 1069 3381 ad
1092 3326 1190 3382 solum
1213 3322 1429 3398 Thucydidem,

256 3421 308 3480 sed
331 3420 372 3478 cd
401 3438 502 3478 omnes
531 3419 691 3493 scriptores
719 3422 793 3480 haec
819 3440 924 3480 norma
952 3420 1120 3497 applicatur
1150 3422 1272 3494 excepto
1305 3418 1331 3477 εἰ
1362 3439 1429 3478 cum

256 3518 390 3592 optativo
413 3517 523 3590 futuri,
552 3535 641 3591 quam
669 3519 852 3577 structuram
880 3519 911 3576 in
935 3517 1069 3576 oratione
1092 3516 1213 3592 obliqua
1236 3536 1290 3592 pro
1314 3516 1340 3575 ελ
1361 3537 1430 3575 cum

256 3613 416 3673 indicativo
450 3612 543 3671 futuri
575 3631 686 3687 ponere
717 3608 830 3695 liceul)
881 3615 940 3674 Sed
972 3614 1151 3674 condicionis
1183 3615 1227 3674 ita
1257 3615 1430 3674 enuntiatae

257 3713 335 3787 apud
359 3710 564 3786 Thucydidem
587 3709 705 3767 nullum
729 3715 828 3772 exstat
851 3713 1028 3789 exemplum.
1065 3711 1164 3772 Causa
1187 3714 1288 3773 autem
1311 3732 1364 3771 cur
1386 3712 1431 3770 ita

257 3810 482 3884 circumscripta
515 3808 555 3867 sit
588 3808 768 3869 condicionis
801 3811 940 3888 obliquae
972 3811 1138 3870 enuntiatio
1170 3810 1202 3869 in
1234 3831 1269 3871 eo
1301 3809 1431 3870 vertitur

258 3907 346 3985 quod,
365 3909 391 3967 si
404 3909 436 3967 in
450 3907 634 3984 temporibus
649 3911 768 3983 praeter
787 3909 923 3968 futurum
942 3910 1094 3985 optativus
1113 3909 1252 3985 obliquus
1271 3908 1431 3968 sententia-

259 4027 325 4064 rum
358 4005 604 4066 condicionalium
637 4005 727 4064 etiam
758 4025 813 4083 pro
843 4007 1001 4066 indicativo
1034 4010 1127 4084 esset,
1159 4010 1259 4066 rectae
1287 4006 1431 4065 orationis

258 4105 354 4163 forma
377 4124 437 4163 non
459 4106 562 4179 posset
585 4103 659 4163 satis
682 4102 830 4181 dignosci,
853 4105 885 4163 in
907 4105 1010 4164 futuro
1033 4109 1134 4164 autem
1155 4107 1266 4181 potest,
1289 4123 1357 4163 oum
1376 4104 1432 4163 hoc

259 4253 471 4260 —.-—--....

332 4329 357 4393 1)
382 4326 422 4380 ef.
442 4326 634 4382 Fassbaender
657 4329 691 4381 de
712 4328 845 4397 Optativo
868 4329 956 4384 futuri
979 4329 1099 4397 (dissert.
1119 4326 1268 4382 Monaster.
1292 4325 1367 4395 typis
1387 4345 1431 4381 ex-

259 4425 354 4477 pressa
371 4404 484 4476 Lipsiae
504 4424 528 4460 a.
549 4411 628 4477 1884)
647 4428 673 4478 p.
694 4416 728 4463 34
738 4427 797 4478 sqq.
