3022 4936
648 323 898 395 -27-,

166 489 247 548 idem
271 492 369 549 exstat
391 490 423 548 in
441 490 549 548 Aesch.
568 489 650 547 Pers.
672 491 745 548 791.
769 487 871 565 Suppl.
892 490 942 547 91.
967 489 1052 548 Eum.
1074 491 1146 548 234.
1171 488 1260 565 Soph.
1280 487 1342 560 Oa,

168 592 240 648 198.
264 590 337 648 874.
369 588 427 649 00.
454 591 549 648 1443.
577 587 649 646 Ant.
675 590 753 664 710,
780 605 839 645 non
863 587 961 646 minus
985 588 1041 646 hoc
1064 587 1253 645 tolerandum
1277 607 1342 647 esse

166 690 238 762 puto
267 705 357 762 quam
384 687 499 762 pariter
528 687 692 763 singularia
721 679 761 758 ὡς
783 679 822 743 ἀν
845 704 912 743 cum
936 684 1122 744 coniunctius
1146 687 1177 743 et
1200 673 1281 755 ὅπως
1303 679 1342 743 άν

166 806 233 844 611111
257 783 391 860 optativo
416 788 446 843 et
470 805 535 843 cum
564 785 668 845 eodem
695 780 739 862 μή
766 777 817 860 ἀν,
840 799 921 858 'quae
949 801 1040 858 supra
1070 782 1236 840 memorata
1263 785 1341 845 sunt.

166 877 246 940 Num
274 885 376 941 tamen
403 882 483 941 idem
510 882 583 941 ferri
612 883 707 958 possit
736 881 817 957 apud
844 880 1079 955 Aristophanem
1105 880 1137 938 in
1165 881 1239 955 Equ.
1270 883 1342 939 698.

169 984 242 1041 700.
267 981 339 1040 805.
372 981 440 1040 Pac.
465 982 543 1055 450,
572 983 624 1057 qui
650 1002 687 1042 ne
715 981 787 1041 alibi
816 977 935 1054 quidem
959 977 1038 1053 apud
1062 977 1281 1037 coniunctivum
1304 971 1343 1036 ἀν

168 1080 307 1139 omittere
332 1078 428 1136 soleat
451 1071 535 1158 (nam
557 1079 587 1138 in
611 1099 732 1140 censum
755 1097 816 1138 non
837 1077 920 1136 venit
943 1075 1022 1152 quod
1044 1074 1101 1136 Av.
1127 1079 1190 1136 029
1214 1076 1245 1133 in
1267 1075 1342 1134 ludi-

165 1178 266 1237 bunda
288 1175 390 1235 Dorici
418 1176 558 1236 carminis
589 1178 756 1238 imitatione
783 1176 897 1251 legitur
924 1169 941 1234 ῦ
964 1196 991 1233 τι
1017 1194 1071 1251 περ
1095 1221 1102 1232 .
1127 1221 1133 1234 .
1158 1220 1165 1234 .
1192 1170 1284 1256 θέλῃς
1312 1178 1343 1234 et

167 1275 244 1333 Eccl.
266 1275 329 1333 688
354 1273 386 1330 in
408 1278 548 1350 promptu
574 1279 620 1335 est
643 1296 697 1352 pro
721 1270 777 1358 ῦτω
802 1269 835 1333 δὲ
857 1266 889 1332 τὸ
913 1266 1031 1351 γράμμα
1055 1304 1096 1314 -
1121 1266 1161 1350 μὴ
1184 1264 1343 1357 ’ξελκνσθῇ
1433 1291 1436 1296 ’

166 1372 331 1430 rescribere
359 1366 415 1452 ὅτῳ
444 1367 477 1430 δὲ
503 1365 535 1432 τὸ
563 1368 671 1453 γράμμ’
702 1365 741 1432 ἀν
767 1403 804 1413 -
831 1365 870 1450 μὴ
897 1364 1086 1452 ’triavum
1114 1374 1201 1432 valde
1230 1373 1343 1449 dubito,

166 1470 344 1545 praesertim
372 1489 437 1529 eum
466 1469 497 1528 in
523 1471 599 1546 Equ.
625 1473 688 1531 608
713 1463 753 1548 μά
775 1463 830 1548 τὴν
853 1462 999 1547 Δήμητρ’,
1027 1462 1080 1528 ἕάν
1104 1463 1145 1548 μή
1167 1460 1195 1528 o'
1222 1465 1342 1551 ἐκφάγω

165 1587 220 1643 pro
253 1559 292 1644 μά
325 1561 379 1645 τὴν
407 1561 611 1646 Δάμητρά’
583 1593 634 1648 γ
642 1568 669 1628 αι’
699 1562 741 1646 μή
772 1561 799 1627 σ’
829 1561 950 1647 ἐκφάγω
981 1568 1113 1644 itemque
1143 1559 1253 1627 700
1234 1591 1274 1644 ην
1302 1562 1342 1646 μὴ

163 1659 293 1746 ’κφάγγς
316 1684 369 1741 pro
393 1663 419 1724 εἰ
441 1658 480 1743 μὴ
501 1659 632 1746 ’κφάγγς
659 1665 782 1741 plurimi
809 1666 879 1725 libri
907 1669 1027 1743 praeter
1054 1667 1125 1726 Rav.
1155 1659 1286 1725 habeant
1315 1669 1346 1725 et

166 1764 277 1822 ibidem
306 1765 370 1823 805
399 1762 559 1823 Valsenius
591 1767 673 1823 recte
706 1763 886 1838 scripturam
917 1763 975 1823 εἰ.
1041 1763 1223 1844 ,διατρίψει
1256 1765 1301 1822 alt
1302 1765 1346 1822 eri

166 1859 192 1920 εἰ
215 1904 221 1918 .
242 1905 275 1918 ..
300 1859 397 1937 διατρλ
396 1872 442 1939 qq
465 1863 552 1934 praet
539 1861 645 1918 tulisse
669 1861 807 1921 rideatur
831 1862 896 1920 et
888 1881 920 1918 1n
943 1861 1011 1921 Pac.
1036 1863 1100 1919 450
1129 1863 1283 1920 lenissima
1306 1863 1346 1920 sit

167 1959 295 2016 mutatio
331 1956 380 2014 κεῖ
412 1978 484 2027 τις.
511 2002 516 2013 .
541 2000 548 2013 .
585 1951 624 2034 μὴ
657 1952 804 2036 ξυλλάβοι
828 1977 881 2032 pro
913 1956 963 2016 κεῖ
983 1979 1025 2029 τις
1050 2005 1055 2017 .
1081 2005 1087 2017 .
1113 2005 1119 2016 .
1147 1952 1184 2035 μα’
1216 1953 1345 2041 ξυλλάβγ

166 2075 185 2114 a
214 2053 362 2112 Meinekio
391 2052 560 2130 proposita,
595 2055 632 2112 ad
662 2075 751 2132 quem
783 2055 951 2130 optativum
979 2056 1014 2115 cf.
1043 2057 1117 2133 Equ.
1148 2059 1210 2116 694
1243 2057 1345 2133 ibique

169 2151 277 2211 Koclrii
300 2150 366 2209 adn.
392 2149 462 2226 Lys.
483 2152 556 2210 235.
581 2151 659 2210 Plut.
687 2156 779 2213 1072.
817 2153 873 2211 His
896 2153 991 2228 igitur
1013 2153 1085 2213 locis
1110 2154 1135 2213 si
1158 2155 1255 2212 nudus
1279 2173 1345 2213 con·
1401 2205 1406 2213 .

168 2250 319 2309 iunctivus
349 2252 503 2324 exemptus
532 2252 592 2324 est,
621 2251 712 2310 etiam
736 2254 857 2327 praeter
880 2252 1098 2311 sententiarum
1121 2252 1254 2311 finalium
1279 2271 1345 2311 oon-

168 2368 288 2408 sensum
318 2366 409 2422 supra
437 2351 635 2407 memoratum
658 2349 869 2425 Aristophanis
896 2367 994 2408 sermo
1018 2368 1086 2409 curn
1113 2350 1211 2409 titulis
1234 2351 1345 2409 Atticis

166 2448 255 2523 plane
270 2444 417 2518 convenit,
435 2445 467 2504 in
486 2466 611 2522 quorum
631 2448 794 2507 enuntiatis
814 2449 1065 2508 condicionalibus
1081 2449 1216 2510 relativis
1230 2450 1344 2523 tempo-

168 2543 283 2603 ralibus
307 2541 512 2604 coniunctivus
535 2563 683 2620 nusquam
706 2539 745 2604 ἀν
767 2547 917 2622 particula
940 2549 1029 2606 caret.

737 2797 772 2866 V.

257 2936 446 2996 Confusionis
483 2939 610 2996 duarum
648 2941 868 2997 structurarum
898 2939 1001 3014 Poppo
1037 2940 1109 2998 olim
1142 2939 1173 2995 in
1204 2938 1344 3014 Prolegg.

167 3056 195 3111 p.
222 3036 285 3092 150
296 3053 360 3109 sqq.
390 3035 463 3093 haec
491 3036 626 3110 exempla
653 3037 770 3096 attulit:
799 3038 827 3095 V
857 3039 885 3113 7,
916 3041 934 3095 2
963 3031 1142 3113 αἰσθόμενος
1168 3028 1219 3095 τὸν
1247 3038 1345 3114 θροῦν

167 3128 217 3189 καὶ
245 3124 281 3188 60
310 3124 489 3208 βουλόμενος
518 3125 629 3202 αάτοῦς
657 3126 706 3190 διά
729 3123 760 3190 τὸ
784 3131 817 3192 ἕν
839 3135 878 3215 τῷ
902 3126 981 3216 αὐτῷ
1004 3115 1195 3210 καθημένους
1219 3126 1345 3210 βαρύνε-

168 3233 242 3287 σθαι
264 3219 425 3306 ἀναλαβὼν
443 3217 526 3307 ἦγεν,
549 3228 594 3286 IV
614 3230 665 3304 63,
687 3233 703 3288 1
728 3228 778 3288 καὶ
801 3232 858 3288 νῦν
879 3231 931 3288 τοῦ
955 3223 1092 3304 ἀφανοῦς
1114 3251 1143 3287 τε
1165 3222 1272 3289 τοῦτου
1296 3223 1345 3290 διά

167 3321 199 3387 τὸ
223 3315 403 3443 ἀτέκμαρτον
426 3322 493 3398 δέος
515 3323 565 3385 καὶ
588 3319 638 3386 διά
661 3320 693 3386 τὸ
717 3321 775 3405 ἤδη
804 3320 953 3405 φοβεροὺς
981 3320 1128 3405 παρόντας
1153 3321 1345 3405 Ἀθηναίους,

168 3419 232 3483 κατ’
263 3417 415 3502 ἀμφότερα
443 3421 696 3505 ἐκπλαγέντες..
721 3418 825 3498 ,τοὺς
857 3423 1020 3501 ἐφεστῶτας
1049 3425 1207 3504 πολεμίους
1235 3424 1267 3485 ἐκ
1294 3428 1345 3503 τῆς

169 3516 265 3602 χώρας
288 3516 524 3600 ἀττοττέμττωμεν,
548 3524 563 3581 Ι
588 3526 616 3596 2,
641 3524 659 3582 5
684 3516 738 3601 τὴν
760 3525 835 3602 γοῦν
855 3516 987 3602 Ἀττικὴν
1010 3521 1043 3583 ἐκ
1064 3525 1117 3584 τοῦ
1140 3521 1188 3583 ἕττι
1211 3529 1345 3584 πλεῖστον

169 3615 269 3681 διά
242 3643 274 3681 το
291 3614 461 3700 λεπτόγεων
484 3614 677 3682 ἀστασίαστον
700 3611 794 3682 οοσαν
817 3617 1014 3705 ἀνθρωττοι’
998 3617 1096 3683 ω’κουν
1119 3645 1147 3683 οι
1140 3616 1257 3682 αῦτολ
1278 3621 1344 3697 αἰεί,

169 3720 244 3778 VIII
267 3720 340 3791 105,
361 3721 379 3778 2
401 3741 429 3778 οι
422 3713 686 3797 Πελοποννήσιοι
706 3713 755 3779 διὰ
773 3742 804 3780 το
823 3714 1017 3835 κρατήσαγτες
1036 3714 1130 3791 ἀδεῶς
1150 3714 1232 3780 ἀλλοι
1254 3714 1346 3796 ἀλλην

170 3820 249 3877 ναῦν
268 3810 425 3887 διώκοντες
443 3810 569 3892 ἤρξαντο
588 3813 667 3895 μέρει
686 3840 741 3877 τινι
756 3819 842 3894 σφῶν
856 3810 1039 3895 ἀτακτότεροι
1054 3814 1203 3897 γενέσθαι,
1222 3817 1344 3892 V11,2

171 3914 205 3976 ἐν
228 3915 319 3975 εἴκοσι
342 3912 470 3973 σταδίων
489 3909 611 3991 μάλιστα
630 3913 721 3997 μέτρῳ
740 3917 792 3993 τῆς
810 3907 964 3991 θαλάσσης
983 3913 1136 3993 διείργεται
1154 3906 1186 3973 τὸ
1205 3907 1244 3990 μὴ
1265 3906 1346 3990 ἥκει-

172 4036 224 4094 ρος
247 4002 335 4084 οῦσα;
359 4011 529 4071 confudisse
554 4013 631 4069 enim
651 4012 827 4089 scriptorem
846 4010 942 4086 primo
961 4012 1025 4069 loco
1044 4007 1077 4068 ἐν
1094 4009 1134 4092 τῷ
1153 4003 1232 4093 αὐτῷ
1251 4015 1344 4087 καθη-

170 4108 278 4189 μένους
307 4115 337 4171 et
365 4104 414 4169 διά
444 4103 475 4170 τὸ
505 4107 538 4169 ἐν
567 4111 606 4192 τῷ
639 4102 718 4194 αὐτῷ
751 4102 908 4185 καθῆσθαι
941 4108 1137 4182 similiterque
1169 4108 1200 4165 in
1230 4109 1346 4170 ceteris.

170 4210 267 4279 Quam
289 4209 567 4285 interpretationem
587 4227 606 4266 a
626 4208 664 4268 M.
683 4207 817 4283 Hauptio
840 4208 983 4281 tanquam
1006 4224 1114 4265 novam
1137 4224 1171 4263 ac
1194 4208 1344 4282 propriam

169 4309 201 4366 in
224 4309 326 4366 Herm.
351 4307 396 4364 ΠΙ
421 4327 448 4382 p.
474 4308 538 4365 150
562 4306 658 4364 denuo
682 4307 829 4381 prolatam
854 4322 922 4361 curn
946 4323 993 4362 me
1017 4306 1138 4363 auctore
1163 4297 1213 4382 (cf.
1238 4304 1345 4364 Annal.

171 4406 244 4484 phil.
268 4424 296 4464 a.
317 4407 401 4466 1870
425 4426 453 4480 p.
474 4397 606 4484 333sq.)
630 4404 830 4487 improbasset
848 4400 1108 4464 Reifferscheidius
1127 4401 1158 4460 in
1177 4400 1345 4465 Coniectum
