3022 4936
645 315 861 377 ,34-

168 503 222 559 pro
252 477 414 563 Ἐλλομένῳ
446 482 632 542 scribendum
672 474 720 559 (cf.
753 472 927 556 Ὀρχομενός
965 482 995 537 et
1026 477 1155 554 Hesych.
1188 469 1340 552 ἕλλόμενα·

168 575 386 658 περικλειόμενα
415 583 446 640 et
472 579 576 639 ἕλλειν·
605 578 708 651 ἴλλειν,
735 570 878 655 κατέχειν)
907 580 938 634 et
961 569 1116 654 Ἰδομενήν
1143 574 1189 633 ΠΙ
1221 576 1292 650 112,
1324 576 1340 630 1

170 672 220 759 (cf.
246 679 348 754 Steph.
372 673 457 758 Byr.)
485 698 539 754 pro
558 671 713 754 Ἷὸομὲνην
741 676 771 733 et
794 667 957 750 Ἰδομεναῖς
980 674 1026 732 ΙΙΙ
1051 677 1123 751 113,
1148 675 1166 732 3
1195 691 1249 748 pro
1269 664 1345 729 ’Ido-

169 773 277 853 μὲναις.
323 776 520 835 Inveniuntur
543 778 646 835 tamen
669 773 759 830 etiam
783 773 904 832 nomina
926 774 1047 848 propria
1073 790 1149 847 quae
1172 756 1345 831 Herodiano

170 875 290 951 quidem
309 877 430 933 auctore
449 875 487 932 ab
507 871 697 948 appellativis
716 889 775 951 non
794 871 1012 942 discernantur,
1034 871 1086 929 sed
1105 871 1137 928 in
1154 873 1240 946 parte
1259 868 1345 927 codd.

169 973 320 1031 diversum
344 975 499 1031 accentum
521 972 665 1029 habeant:
688 960 827 1040 Ἀσιακός
850 961 880 1047 (Ι
906 971 977 1039 149,
1004 973 1038 1040 9;
1061 969 1097 1028 cf.
1121 967 1224 1042 Steph.
1247 956 1345 1044 Byr),

168 1064 274 1128 Μύλαι
307 1064 335 1149 (Ι
369 1073 442 1145 320,
476 1072 505 1129 8.
538 1067 647 1127 Μυλαί
677 1066 780 1141 Steph.
813 1061 913 1145 Byr),
945 1065 1079 1146 Πρασιαί
1108 1059 1138 1144 (Ι
1172 1068 1243 1138 294,
1277 1057 1347 1145 28),

169 1160 284 1225 Λεκτόν
308 1161 337 1244 (Ι
362 1169 436 1243 390,
461 1163 504 1245 2),
531 1166 639 1242 quibus
664 1166 827 1224 secundum
851 1167 990 1225 Eustath.
1013 1187 1042 1242 p.
1066 1167 1139 1242 359,
1163 1166 1204 1222 22
1230 1162 1348 1221 accedit

160 1259 273 1336 ’Ἀξιος;
302 1283 404 1323 omnes
432 1265 502 1322 libri
525 1264 556 1321 ΙΙ
580 1266 631 1336 23,
656 1265 674 1320 2
704 1264 854 1340 Καρκῖνος
881 1265 993 1323 habent
1019 1264 1097 1339 quod
1120 1255 1348 1340 παροξύνεσθαι

169 1363 255 1420 docet
278 1362 389 1421 Herod.
413 1362 428 1420 I
454 1364 526 1438 183,
550 1363 569 1419 8
599 1360 688 1436 idque
709 1361 873 1420 confirmat
896 1362 989 1422 Arist.
1012 1361 1102 1436 Vesp.
1129 1362 1223 1419 1492.
1248 1358 1348 1416 1496.

172 1462 266 1519 1499.
295 1462 389 1520 1503.
434 1459 589 1518 Dubitatio
617 1476 682 1516 esse
710 1462 811 1533 potest
838 1460 875 1518 dc
894 1453 994 1538 Ἰγθῦς
1021 1457 1221 1535 promunturii
1248 1456 1346 1513 Elidis

168 1558 296 1616 nomine.
342 1559 420 1616 Nam
443 1556 554 1616 Herod.
578 1555 593 1612 I
617 1557 691 1632 236,
717 1558 758 1613 14
783 1551 814 1617 τὸ
839 1557 926 1636 ἰχθῦς
949 1550 1167 1636 προσηγορικὸν
1189 1546 1347 1633 κεριεσκοὶ-

169 1661 229 1732 σθιγ
245 1645 359 1734 ἀλόγως
378 1655 533 1714 docentem
552 1654 577 1714 si
597 1653 699 1713 addito
718 1649 935 1734 κροσηγορικόν
954 1655 1170 1731 appellativum
1189 1671 1207 1710 a
1224 1652 1348 1710 nomine

168 1754 289 1829 proprio
308 1753 483 1812 distinxisse
503 1755 680 1829 statuamus,
700 1754 804 1812 contra
822 1754 915 1813 libros
935 1754 999 1826 Th,
1018 1753 1070 1829 qui
1087 1751 1119 1809 ΙΙ
1139 1752 1189 1823 25,
1205 1751 1225 1807 4
1241 1742 1349 1827 Ἰχθὺν

168 1854 222 1908 aut
233 1843 335 1928 Ἰχθῦν
348 1850 470 1923 habent,
485 1870 521 1909 ex
536 1868 712 1926 praegresso
726 1852 861 1926 generali
873 1844 1146 1928 praecepto’lpdvv
1157 1845 1348 1906 scribendum

169 1949 217 2006 sit.
259 1947 316 2006 Sed
342 1947 367 2005 si
389 1948 434 2006 itu
457 1948 642 2023 distinguere
665 1948 823 2026 voluisset,
854 1950 905 2009 ille
928 1950 1049 2009 videtur
1071 1941 1103 2007 τὸ
1126 1937 1348 2023 κροσηγορικόν

169 2046 336 2121 scripturus
360 2045 462 2117 fuisse,
489 2049 520 2104 et
542 2047 574 2105 in
597 2048 652 2106 hoc
674 2048 794 2106 nomine
818 2046 947 2121 Graecos
972 2047 1063 2105 etiam
1086 2046 1147 2104 vim
1170 2042 1349 2119 appellativi

169 2143 298 2202 sensisse
320 2142 351 2200 Π
375 2144 426 2219 25,
456 2144 476 2200 4
505 2144 597 2202 verba
623 2137 674 2202 τὸν
699 2137 801 2223 Ἰχθῦν
830 2138 1015 2221 καλούμενον
1042 2146 1074 2202 et
1101 2142 1198 2201 Strab.
1226 2161 1255 2216 p.
1280 2141 1346 2198 836

168 2233 241 2299 κατὰ
268 2261 320 2300 τον
348 2233 532 2317 καλούμενον
558 2232 661 2319 Ἰχθῦν
694 2242 864 2301 ostendunt.
913 2243 1041 2318 Reliqua
1072 2240 1193 2300 nomina
1225 2238 1349 2314 propria

169 2358 298 2414 quorum
325 2342 464 2404 accentus
489 2338 653 2396 Herodiani
680 2341 848 2415 praeceptis
876 2339 1131 2399 accommodamus
1159 2339 1232 2396 haec
1260 2340 1348 2395 sunt:

160 2429 289 2514 Ἥραιον
314 2429 356 2512 (V
382 2437 432 2508 75,
456 2437 474 2494 6
499 2436 583 2494 codd.
608 2456 723 2510 omnes,
752 2437 875 2511 reliquis
904 2438 976 2496 locis
1004 2436 1094 2494 multi
1116 2427 1255 2512 Ἡραῖον)
1279 2452 1350 2508 pro-

168 2533 368 2592 nuntiandum
392 2552 458 2592 esse
481 2534 568 2593 docet
590 2532 605 2590 I
626 2538 698 2610 129,
720 2538 768 2594 12.
801 2536 875 2610 369,
900 2537 928 2611 8,
955 2534 1065 2612 Θριῶζε
1089 2529 1185 2610 (codd.
1208 2531 1348 2591 variante

169 2631 297 2689 lectione
325 2632 435 2706 partim
466 2623 591 2713 Θρίωζε)
620 2632 635 2690 Ι
660 2635 733 2709 347,
762 2635 813 2705 30,
845 2633 1004 2710 Τροιζῆνος
1034 2631 1172 2710 Τροιζῆνι
1201 2628 1349 2706 Τροιζῆνα

170 2725 211 2802 (v.
235 2729 255 2785 l.
281 2727 440 2805 Τροίζηνος
466 2728 602 2806 Τροίζηνι
628 2722 786 2808 Τροίζηνα)
810 2731 825 2788 Ι
846 2733 896 2807 15,
920 2733 949 2790 8.
978 2731 1009 2788 ΙΙ
1029 2733 1102 2806 861,
1122 2732 1174 2786 11.
1202 2728 1349 2805 757,13,

30 2806 53 2816 -.
170 2827 285 2883 Σινιῶν
308 2819 435 2896 Σινιούς
458 2818 500 2906 (v.
521 2828 541 2884 l.
560 2827 676 2886 Σίντων
695 2822 835 2906 Σίντους)
854 2829 868 2885 Ι
890 2831 962 2904 216,
983 2831 1025 2888 20
1048 2822 1098 2907 (cf.
1123 2826 1227 2901 steph.
1250 2819 1348 2901 Byr),

166 2917 310 3000 Ἐορδούς
333 2916 374 3003 (v.
397 2924 418 2982 l.
438 2917 594 3004 Ἐόρδους)
618 2925 633 2982 Ι
659 2928 731 3002 143,
759 2927 808 2997 18,
824 2920 982 3001 ’Ἀλμωκας
1007 2919 1048 3007 (v.
1072 2927 1092 2983 l.
1111 2917 1266 3000 Ἀλμῶπας
1284 2915 1349 2980 Ἀλ-

170 3012 287 3101 μώιιας)
320 3020 336 3077 Ι
365 3024 442 3098 247,
473 3023 513 3080 18
548 3015 598 3103 (cf.
631 3022 732 3098 Steph.
766 3019 865 3105 Byr),
898 3018 1035 3103 Νήρικον
1068 3017 1109 3100 (v.
1144 3023 1163 3080 l.
1193 3013 1348 3100 Νιγρικόν)

169 3121 184 3179 I
214 3123 292 3196 152,
320 3122 354 3199 8,
386 3122 577 3197 Κρομμυῶνα
610 3117 668 3201 (ΙΙΙ
696 3125 747 3198 42,
776 3126 796 3180 4
825 3144 852 3183 v.
881 3125 900 3182 l.
929 3113 1135 3200 Kpoppriowu)
1168 3120 1182 3176 Ι
1213 3120 1265 3192 22,
1295 3121 1346 3178 23.

170 3219 200 3277 ΙΙ
222 3221 294 3296 724,
316 3221 365 3295 13,
389 3211 531 3296 Λιμηράν
554 3213 597 3297 (v.
616 3220 636 3279 l.
655 3213 809 3301 Λιμήραν)
834 3221 848 3277 Ι
869 3222 943 3294 260,
964 3223 1014 3295 23,
1040 3216 1182 3278 devortor
1205 3235 1224 3274 a
1247 3217 1347 3275 Φανο-

169 3310 234 3388 ιεύς
257 3319 425 3375 derivatum
450 3311 547 3394 (codd.
573 3311 729 3399 Φανότιὸι)
752 3319 766 3375 Ι
793 3321 865 3392 103,
890 3322 941 3377 11.
970 3319 1000 3375 ΙΙ
1020 3320 1094 3391 852,
1115 3319 1142 3398 9,
1167 3317 1242 3374 Δῖον
1263 3306 1306 3394 (v.
1327 3316 1347 3375 l.

170 3409 259 3494 Δίον)
283 3414 298 3471 Ι
323 3416 396 3486 355,
419 3416 460 3472 30
485 3405 537 3493 (cf.
561 3415 662 3490 Steph.
686 3407 780 3495 Bya),
805 3418 972 3498 Λραβησκῷ
995 3408 1176 3494 (Δραβήσκρι
1196 3414 1211 3471 Ι
1232 3415 1306 3486 100,
1327 3415 1346 3472 3

171 3529 281 3583 omnes,
303 3509 348 3568 IV
374 3513 446 3586 100,
470 3514 488 3568 2
515 3511 630 3586 aliquot
653 3506 736 3592 libri)
760 3513 775 3568 Ι
800 3514 871 3584 153,
897 3514 947 3583 28,
978 3505 1117 3581 Μαιδούς
1145 3506 1242 3589 (codd.
1265 3510 1349 3568 Μαί-

171 3604 256 3690 δους)
275 3609 291 3666 Ι
308 3612 379 3683 142,
397 3612 434 3666 11
456 3600 507 3688 (cf.
528 3609 629 3683 Steph.
649 3603 742 3688 Byr),
759 3603 895 3679 Ἠὃῶνας
914 3607 972 3687 (IV
988 3610 1062 3683 109,
1081 3610 1099 3666 2
1118 3628 1146 3667 v.
1169 3601 1349 3684 ΙἪιΙωνες,

170 3708 214 3766 ΙΙΙ
239 3709 310 3780 102,
336 3709 364 3766 2.
396 3706 422 3762 V
444 3708 472 3781 6,
496 3701 687 3786 4Ἢοωνας)
711 3707 726 3764 Ι
747 3709 797 3780 25,
819 3709 847 3783 7,
871 3699 1035 3765 trandent
1056 3698 1154 3785 (codd.
1178 3704 1225 3762 ΙΙΙ
1249 3707 1302 3783 94,
1328 3709 1347 3765 5

167 3802 345 3878 Ἀποδώτοις
368 3807 417 3865 vel
435 3798 622 3884 Ἇποδόιοις)
646 3806 660 3862 Ι
685 3808 758 3879 221,
784 3808 835 3882 27,
862 3796 1003 3880 Γαληψός
1030 3795 1088 3883 (IV
1114 3806 1186 3877 107,
1210 3805 1228 3862 3
1255 3805 1349 3880 vulgo

170 3899 326 3984 Γαληψος)
349 3904 364 3962 Ι
384 3907 457 3975 227,
478 3905 508 3977 6,
534 3897 653 3962 Θυσσόν
678 3897 719 3982 (v.
743 3906 762 3962 l.
789 3897 907 3962 Θύσσον
933 3897 1102 3979 Θῦσσον)·Ι
1121 3904 1195 3972 208,
1215 3902 1246 3975 4,
1269 3903 1348 3961 Βου·

170 4007 298 4063 κολιῶνα
317 3995 359 4083 (v.
378 4003 397 4059 l.
416 3997 623 4080 Βουκολίωνα)
642 4002 656 4058 Ι
672 4004 723 4076 20,
740 4003 790 4076 18,
812 3997 920 4081 Τεγέαν
939 3992 981 4077 (v.
1000 4002 1019 4058 l.
1042 3991 1164 4079 Τέγεαν)
1183 3998 1287 4074 1284,
1306 4002 1348 4058 17

171 4098 222 4178 (cf.
248 4098 338 4179 Τεγέη
366 4099 445 4174 apud
468 4098 655 4158 Herodotum
683 4104 713 4158 et
741 4100 840 4175 epicos
869 4103 900 4157 et
925 4095 1016 4178 Τεγὲἇ
1043 4099 1075 4154 in
1100 4097 1185 4155 Piud.
1209 4096 1296 4155 Nem.
1322 4098 1350 4155 X

171 4192 238 4278 47),
254 4193 416 4275 Ἐλωρίνην
431 4189 528 4274 (codd.
543 4190 893 4274 plerumquc’Eloprvp‘v
907 4188 1144 4273 υοΙἙλωρινήν)
1158 4194 1190 4252 Π
1205 4196 1278 4267 867,
1296 4198 1350 4269 20,

171 4298 276 4372 Συκῆν
300 4288 341 4373 (v.
361 4296 380 4352 l.
399 4285 517 4367 Συκήν,
540 4313 614 4354 corr.
638 4294 717 4370 Aug.
740 4287 855 4374 Τυκήν)
878 4295 894 4352 1
914 4295 987 4366 313,
1007 4294 1049 4350 20
1073 4285 1125 4370 (cf.
1144 4292 1246 4367 Steph.
1265 4293 1351 4370 Byr,

171 4393 252 4469 apud
270 4412 358 4468 quem
378 4391 509 4465 optimus
529 4395 591 4451 cod.
611 4393 736 4468 Rhedig.
756 4395 841 4469 Σοκῆ
863 4388 977 4468 habet),
998 4383 1132 4467 Ἰηλύσου
1157 4381 1199 4470 (v.
1218 4391 1237 4448 l.
1253 4382 1351 4466 Ἰηλυ-
