3022 4936
622 309 834 371 ..10-

139 479 267 536 cissimis
292 480 410 536 tantum
433 476 479 535 his
499 470 537 535 ίίν
555 476 653 535 deest:
676 475 690 532 Ι
712 477 821 547 127,1
843 474 1008 550 νομίζοντες
1027 467 1199 544 ἐκπεσόντος
1217 467 1311 534 αὐτοῦ

140 568 192 656 (ἢν
216 570 349 658 ἐκπέσῃ),
377 574 450 658 ῥᾷον
475 567 508 656 (l.
533 573 607 657 ῥᾷον
630 565 683 654 ἅν)
712 572 796 648 σφίσι
818 576 981 650 προχωρεῖν
1003 565 1038 629 τὰ
1062 565 1121 631 ἀπὸ
1144 573 1203 630 τῶν
1222 564 1311 649 Ἀθη-

139 674 245 750 ναίων,
272 674 303 732 Il
327 676 356 747 3,
381 676 399 731 2
430 666 569 749 ἐνόμισαν
592 667 762 747 ε’πνθέμενοι
786 662 827 751 (εἰ
848 662 1015 751 ἐπιθοῖντο)
1040 668 1148 750 ῥᾳδίως
1171 672 1313 747 κρατῆσαι

139 765 310 852 (κρατήσειν
333 770 406 829 Aen.
431 770 514 828 Tact.
540 772 569 845 2,
593 761 636 849 3),
660 769 703 827 IV
724 770 774 843 52,
798 771 817 827 3
842 765 890 826 καί
914 762 1128 845 κρατυνοίμενοι
1151 760 1192 847 (εἰ
1208 763 1312 845 κρατύ-

139 862 254 951 ναιντο)
279 862 373 945 αὐτήν
392 915 399 928 .
416 910 434 942 .,
457 867 566 948 ῥαδίως
585 913 591 925 .
612 914 617 925 .
641 859 676 925 τὰ
697 913 702 926 .
723 912 730 926 .
753 866 915 942 πολίσματα
938 859 1135 945 χειρώσασθαι
1159 860 1191 944 (l.
1215 860 1315 944 χειροί-

139 961 266 1047 σεσθαι).
312 967 432 1025 Pariter
460 965 651 1024 statuendum
681 968 728 1024 est
757 965 793 1024 de
820 964 857 1022 iis
887 964 959 1033 locis
983 964 1035 1021 ubi
1059 957 1134 1022 οὕτω
1158 965 1188 1022 vi
1212 965 1312 1022 condi-

139 1065 248 1125 cionali
271 1064 440 1141 praeditum
464 1063 543 1122 idem
567 1065 658 1138 atque
681 1054 721 1140 ἢν
743 1063 827 1121 τοῦτο
850 1057 968 1140 γένηται
986 1060 1035 1120 vel
1054 1059 1080 1119 εί
1096 1061 1180 1120 τοῦτο
1199 1056 1312 1139 γένοιτο

139 1162 296 1238 significat.
344 1160 436 1220 Cuius
459 1161 577 1237 generis
600 1162 675 1219 haec
698 1164 780 1219 sunt:
811 1160 840 1217 V
864 1162 915 1233 36,
943 1162 969 1217 1.
1002 1158 1046 1216 VI
1071 1160 1122 1234 38,
1145 1160 1174 1217 4.
1210 1162 1259 1235 72,
1285 1162 1314 1218 5.

139 1262 191 1331 82,
211 1261 239 1318 3.
263 1259 322 1317 VII
342 1261 370 1334 8,
392 1262 420 1317 2.
451 1260 500 1336 28,
520 1261 549 1318 4.
578 1258 655 1316 VIII
680 1261 731 1334 48,
758 1262 784 1317 1.
822 1257 866 1317 cf.
890 1258 1025 1332 exempla
1048 1257 1191 1315 orationis
1215 1261 1315 1316 rectae

139 1356 170 1414 Il
197 1361 247 1432 11,
271 1357 300 1415 5.
332 1356 379 1414 Ill
403 1358 454 1432 42,
480 1358 509 1415 6.
544 1355 587 1413 VI
612 1358 663 1431 91,
688 1358 715 1416 6.
763 1355 1002 1430 QuareV124,
1028 1357 1044 1413 1
1077 1355 1168 1413 etiam
1191 1359 1315 1431 propter

140 1447 233 1526 οὕτως
251 1447 364 1530 μάλιστ’
385 1448 424 1512 «iv
443 1454 632 1513 scribendum
652 1457 705 1512 cst.
744 1455 783 1513 Et
807 1472 987 1530 quamquam
1011 1451 1038 1509 V
1058 1456 1088 1526 9,
1112 1455 1131 1512 8
1156 1449 1236 1524 ἐλπὶς
1258 1448 1315 1532 γὰρ

138 1545 260 1628 μάλιστα
288 1545 396 1623 αὐτοὺς
425 1545 500 1612 οὕτω
529 1552 708 1629 φοβηθῆναι
736 1572 772 1611 ex
800 1553 836 1611 iis
865 1572 941 1629 quae
971 1571 1062 1627 supra
1091 1552 1127 1610 de
1150 1551 1194 1609 VI
1218 1554 1269 1626 87,
1293 1555 1313 1611 4

138 1649 267 1707 diximus
300 1649 520 1707 excusationem
553 1649 656 1726 habet,
688 1652 789 1709 tamen
821 1650 900 1708 haud
934 1649 994 1709 scio
1023 1668 1061 1707 an
1089 1649 1314 1724 perspicuitatis

138 1746 253 1805 ratione
286 1739 397 1823 μάλιστ’
427 1737 466 1803 έν
498 1747 729 1812 commendetur,
781 1747 902 1808 Certum
936 1751 984 1807 est
1019 1747 1122 1806 eadem
1155 1747 1191 1806 de
1224 1766 1316 1806 causa

138 1844 357 1905 emendandum
385 1864 451 1904 esse
478 1845 526 1902 III
555 1846 606 1916 46,
637 1848 655 1903 2
685 1842 802 1917 ἐκείνως
835 1839 876 1926 (εί
905 1843 999 1906 ε’κεῖνο
1028 1837 1155 1925 γένοιτο)
1189 1841 1221 1904 δέ
1249 1845 1315 1904 τίνα

139 1942 237 2002 οἴεσθε
264 1936 368 2019 ἥντινα
397 1936 451 2002 οὐκ
480 1937 602 2019 έμεινου
629 1938 682 2019 μέν
709 1936 728 2021 ἢ
757 1946 814 2003 νῦν
841 1937 1125 2023 παρασκευάσασθαι
1158 1937 1192 2023 (l.
1222 1964 1316 2020 παρα-

139 2033 361 2121 σκευασεσθαι),
385 2060 443 2116 quo
468 2041 504 2099 de
527 2035 592 2099 loco
616 2040 687 2099 olim
709 2062 768 2101 non
791 2047 871 2103 recte
894 2045 999 2102 contra
1017 2041 1192 2101 Classenum
1212 2042 1314 2117 dispu-

138 2138 201 2196 tavi
224 2138 255 2196 in
278 2138 387 2196 Annal.
411 2139 482 2213 phil.
505 2140 589 2197 1868
614 2160 643 2213 p.
664 2142 736 2199 110.
774 2142 879 2217 Neque
902 2141 1034 2200 dubitari
1057 2143 1157 2216 potest
1181 2141 1252 2215 quin
1275 2134 1315 2200 ίίν

140 2237 309 2295 addendum
334 2237 374 2294 sit
398 2236 425 2292 V
450 2238 501 2310 36,
527 2240 542 2294 1
570 2233 687 2295 ἑλέσθαι
710 2229 766 2315 γὰρ
790 2236 824 2315 (l.
847 2230 903 2314 γὰρ
927 2229 979 2316 ἂν)
1003 2235 1286 2313 Λακεδαιμονίους.
1309 2285 1314 2296 .

134 2327 284 2413 Ἀργείους
300 2333 383 2410 σφίσι
397 2333 503 2409 φίλους
517 2330 567 2391 καὶ
581 2328 750 2411 ξυμμάχους
764 2330 912 2411 γενέσθαι,
931 2353 997 2391 cum
1015 2326 1092 2393 οὕτω
1111 2335 1142 2391 in
1161 2335 1315 2409 superiore

139 2433 293 2491 enuntiato
316 2432 347 2491 vi
370 2431 565 2490 condicionali
588 2432 768 2490 instructum
787 2433 844 2490 huc
865 2452 982 2507 quoque
1002 2433 1159 2507 pertineat.
1197 2433 1314 2507 Thucy-

138 2531 237 2589 didem
261 2530 339 2588 enim
363 2524 402 2588 ίίν
424 2529 582 2604 cogitando
606 2531 740 2605 suppleri
763 2530 894 2588 voluisse
917 2549 976 2588 non
1002 2530 1103 2602 credo,
1133 2551 1328 2607 quamquam,

137 2628 168 2686 id
191 2628 222 2685 in
245 2628 357 2687 talibus
380 2628 453 2686 locis
477 2627 542 2685 fieri
564 2647 653 2702 posse
676 2628 866 2704 Frohberger
889 2628 920 2686 in
939 2627 1016 2685 Phil.
1036 2629 1105 2687 XIX
1124 2650 1151 2703 p.
1173 2631 1235 2689 599
1248 2649 1313 2707 sqq.

138 2726 265 2800 probare
294 2726 418 2784 studuit.
463 2725 542 2783 Nam
569 2727 650 2801 apud
672 2727 759 2784 illum
782 2727 901 2803 quidem
926 2727 1063 2784 omnibus
1087 2728 1210 2804 reliquis
1234 2729 1313 2788 eius·

138 2823 219 2881 modi
249 2823 321 2881 locis
350 2826 398 2881 sat
427 2823 529 2881 multis
560 2816 598 2881 ίίν
630 2825 724 2882 adest.
771 2824 814 2883 cf.
843 2824 886 2881 IV
917 2825 968 2899 24,
997 2826 1025 2882 2.
1060 2828 1111 2902 29,
1142 2827 1169 2883 3.
1205 2828 1255 2898 78,
1284 2829 1314 2885 4.

139 2921 167 2977 V
192 2923 242 2997 22,
268 2924 296 2979 2.
331 2923 381 2996 60,
406 2922 434 2979 5.
467 2921 510 2978 VI
534 2923 587 2992 49,
611 2924 639 2980 2.
674 2924 724 2993 64,
750 2925 777 2980 1.
812 2925 862 2993 96,
889 2925 915 2980 1.
949 2921 1023 2978 VIII
1047 2923 1099 2992 87,
1122 2924 1152 2980 4.

227 3019 291 3076 Iam
316 3039 350 3078 eo
372 3018 452 3077 unde
475 3019 601 3093 profecti
624 3039 726 3078 sumus
755 3019 938 3078 redeundum
967 3020 1022 3078 cst.
1068 3020 1210 3079 Deductis
1234 3023 1314 3080 enim

14 3179 18 3186 ,
139 3117 176 3175 iis
197 3117 269 3176 locis
288 3117 319 3175 in
343 3117 451 3193 quibus
470 3117 567 3175 nudus
586 3117 751 3177 infinitivus
775 3117 880 3176 aoristi
904 3117 951 3175 cui
973 3117 1069 3174 futuri
1092 3117 1153 3176 vim
1176 3119 1315 3178 tribuant

139 3215 231 3273 etiam
263 3218 386 3291 propter
419 3215 586 3290 appositam
619 3216 819 3275 condicionem
852 3219 1008 3290 suspectus
1042 3215 1103 3289 est,
1140 3217 1315 3290 paucissimi

139 3317 258 3372 tantum
286 3317 403 3373 restant
431 3317 461 3373 et
488 3314 539 3388 qui
566 3315 732 3373 tritissimis
762 3314 910 3374 scribendi
937 3313 1019 3372 vitiis
1049 3315 1201 3388 conspicui
1234 3315 1316 3375 facili

138 3413 259 3487 negotio
282 3411 437 3470 emendari
460 3411 584 3485 possint.
622 3412 688 3472 Duo
713 3412 820 3488 reliqui
845 3413 916 3471 sunt
939 3411 995 3470 loci
1020 3410 1072 3468 ubi
1094 3415 1163 3485 post
1186 3412 1316 3489 νομίζειν

139 3509 304 3568 infinitivus
337 3507 443 3567 aoristi
475 3527 528 3582 pro
561 3509 664 3567 futuro
697 3510 750 3567 sit:
787 3510 833 3567 ΙΙΙ
867 3511 923 3579 24,
958 3511 974 3567 1
1015 3507 1179 3584 νομίζοντες
1210 3504 1315 3587 ἥκιστα

141 3599 175 3688 (l.
203 3598 297 3683 ἥκιστ’
324 3597 377 3683 ἂν)
406 3607 484 3679 σφᾶς
512 3596 620 3681 ταύτην
648 3599 757 3677 αὐτοὺς
786 3599 970 3683 ὑποτοπῇσαι
1004 3601 1167 3682 τραπέσθαι
1198 3600 1252 3683 τὴν
1283 3607 1315 3680 ἐς

139 3697 208 3775 τοὺς
230 3702 401 3780 πολεμίους,
432 3696 509 3760 VIII
534 3704 563 3775 5,
587 3705 606 3762 5
631 3698 730 3781 ε’νόμιζ
765 3749 799 3764 ..
822 3697 841 3782 ἢ
868 3703 961 3775 ζῶντα
989 3699 1070 3775 ὀίξειν
1098 3698 1117 3781 ἢ
1145 3699 1316 3766 ἀποκτεῖναι

140 3795 173 3882 (1.
198 3794 381 3874 ἀποκτενεῖν,
409 3800 445 3860 cf.
470 3799 514 3857 IV
539 3803 590 3875 28,
613 3796 658 3880 4),
686 3822 753 3862 cum
776 3805 915 3864 undecies
939 3803 1096 3879 praeteriti
1120 3804 1179 3862 vim
1201 3804 1315 3864 habeat

140 3897 169 3977 (I
196 3903 222 3969 l,
247 3902 274 3958 2.
311 3901 360 3970 10,
385 3900 413 3958 3.
449 3899 521 3969 128,
546 3901 573 3957 1.
607 3899 653 3958 III
677 3903 728 3974 65,
753 3905 780 3961 1.
815 3901 858 3959 IV
883 3904 933 3973 63,
960 3904 987 3958 1.
1023 3903 1095 3974 116,
1119 3903 1147 3960 2.
1178 3903 1206 3958 V
1232 3906 1259 3975 1,
1285 3908 1313 3962 1.
1375 3920 1378 3924 ’

140 3993 815 4081 anemonavnmscon
862 3974 1314 4075 mefflaaaum

140 4114 207 4152 cum
230 4093 377 4153 infinitivo
400 4093 496 4151 futuri
520 4096 573 4151 aut
595 4095 743 4156 infinitivo
767 4097 871 4157 eoristi
894 4116 961 4155 cum
987 4091 1025 4154 ἅν
1053 4095 1243 4154 coniunctum
1267 4102 1315 4155 est

141 4184 1312 4271 puiinnmaauunura.ue2onau.

142 4288 1312 4367 mneaauaunfflaeauwaasssaaa

142 4387 1312 4465 narrantesnwanvuaasaeaue.
