3022 4936
652 81 871 144 ..29-

193 260 272 306 nem
296 248 430 308 revocari
454 249 573 321 queant.
620 245 720 320 Atque
747 245 778 302 in
802 245 937 304 Platonis
961 241 1081 320 quidem
1105 246 1168 304 loco
1191 245 1346 304 fatendum

181 349 221 404 st
243 348 298 406 hoc
321 347 387 405 fieri
409 365 469 405 non
491 365 588 420 posse.
635 344 693 402 sed
717 345 778 402 sive
803 342 1006 418 Thucydidem
1031 346 1150 402 secutus
1175 361 1240 401 esse
1262 348 1347 418 puta-

163 461 235 518 uur,
265 464 333 503 cum
360 463 424 503 eam
454 443 512 502 sibi
537 444 712 501 concederet
734 440 899 518 licentiam,
928 441 991 500 sive
1014 440 1078 515 ipse
1102 458 1156 498 sua
1180 440 1286 515 sponte
1309 438 1346 496 ad
1421 431 1424 436 ’

163 543 297 600 eandem
322 542 481 600 dictionem
504 541 668 617 devenisse,
691 540 854 616 permirum
879 543 972 613 esset,
996 539 1021 597 si
1044 539 1075 596 in
1098 540 1146 597 tot
1168 538 1346 613 scriptorum

167 640 374 698 voluminibus
398 658 458 697 uno
481 639 546 697 loco
570 658 636 697 eam
660 638 718 697 sibi
741 637 935 713 permisisset.
973 636 1047 695 (lum
1065 636 1160 717 igitur
1181 636 1229 695 vel
1252 655 1288 693 ea
1310 637 1347 693 de

172 755 263 796 causa
286 739 443 811 suspectus
468 737 507 794 sit
530 736 612 794 locus
631 735 812 811 Platonicus,
836 755 872 792 ex
891 734 1092 810 Thucydideis
1111 750 1203 790 unum
1226 751 1346 807 corrup-

170 837 236 892 tum
260 854 326 892 osse
349 835 437 892 facile
461 837 593 909 apparet.
640 834 719 891 Nam
742 831 785 889 VI
811 834 839 906 1,
864 835 892 908 2,
915 832 1034 892 etiamsi
1062 831 1218 890 mittamus
1245 830 1346 887 incon-

173 932 342 990 venientem
371 933 545 1007 articulum,
571 932 672 1006 ipsum
693 930 884 1006 participium
907 932 991 989 nullo
1015 930 1102 989 modo
1125 930 1223 987 loeirm
1247 927 1345 986 habet.

174 1029 280 1087 Active
309 1029 385 1087 enim
414 1029 462 1088 hio
489 1049 548 1088 non
575 1029 672 1105 magis
700 1029 759 1087 dici
786 1032 886 1104 potest
912 1022 1006 1104 αὐτην
1029 1027 1135 1105 διεῖργε
1159 1017 1199 1101 μὴ
1221 1018 1345 1101 ἤπειρον

172 1115 267 1184 οὖσαν
290 1146 343 1202 pro
368 1120 407 1204 μη
431 1120 554 1203 ἤπειρον
577 1119 652 1185 εἶναι
675 1146 765 1201 quam
788 1126 834 1184 ΠΙ
860 1130 887 1199 1,
914 1130 928 1185 1
961 1119 1059 1204 εἶργον
1081 1117 1113 1184 τὸ
1137 1117 1176 1200 μὴ
1201 1171 1207 1181 .
1232 1168 1240 1182 .
1263 1169 1269 1181 .
1293 1145 1346 1181 κα-

172 1226 321 1302 κουργοῦν
348 1243 402 1300 pro
429 1217 460 1283 τὸ
489 1218 527 1302 μὴ
557 1271 564 1283 .
588 1270 595 1284 .
619 1269 627 1284 .
654 1226 830 1303 κακουργεῖν
858 1227 911 1282 aut
927 1223 1030 1300 *Soph.
1059 1224 1107 1281 Αἱ.
1138 1225 1180 1281 70
1207 1214 1345 1298 ὀμμάτων

172 1316 379 1399 ἆποστρόφοος
410 1355 447 1362 -
478 1315 571 1401 αὐγδις
598 1316 725 1400 ἆπείρξω
754 1316 811 1400 σὴν
834 1316 986 1400 πρόσοψιν
1009 1315 1176 1390 είσιδοιίσας
1198 1337 1252 1394 pro
1276 1317 1346 1376 είσι-

172 1418 243 1477 δεῖν.
295 1419 373 1477 Nam
405 1420 452 1478 his
484 1420 556 1479 locis
590 1421 726 1480 omnibus
760 1421 951 1495 participium
985 1421 1016 1478 in
1049 1439 1082 1478 re
1111 1437 1188 1493 quae
1221 1437 1280 1477 non
1309 1416 1343 1474 fit

172 1520 225 1575 aut
248 1518 328 1575 facta
351 1520 398 1576 cst
421 1517 474 1576 sed
497 1538 535 1576 ne
558 1518 611 1577 fiat
598 1518 807 1592 tprohibetur
825 1536 949 1592 prorsus
968 1518 1073 1575 contra
1092 1515 1271 1574 sententiam
1290 1516 1345 1571 est.

171 1614 253 1672 Idem
283 1615 411 1673 sensisse
438 1616 521 1674 videt
508 1620 558 1674 tur
586 1615 760 1688 Classenus,
793 1614 844 1687 qui
872 1614 1036 1688 genuinum
1064 1606 1139 1672 εἶναι
1169 1631 1346 1695 praegresso

171 1685 246 1770 οὖσα
270 1712 328 1770 sibi
352 1713 448 1771 videri
470 1716 609 1787 permuta
591 1716 674 1770 atum
698 1731 763 1770 esse
786 1712 867 1767 roect
891 1710 974 1771 dixit
1021 1710 1157 1786 Atque
1148 1728 1248 1783 ipsum
1272 1701 1347 1767 εἶναι

171 1809 297 1881 praebet
323 1808 360 1867 H.
368 1828 479 1886 ‚quae
506 1810 577 1868 licet
604 1813 774 1868 correctura
803 1807 842 1864 sit
875 1799 938 1888 (hio
967 1808 1045 1866 enim
1073 1808 1150 1865 liber
1180 1806 1346 1880 descriptus

172 1906 292 1964 videtur
320 1925 386 1965 esse
414 1925 450 1965 ex
474 1906 543 1965 Vat.
536 1951 557 1984 .‚
586 1907 637 1981 qui
665 1924 731 1965 cum
759 1905 883 1981 reliquis
907 1893 982 1965 odon
1005 1897 1124 1986 habet),
1152 1921 1224 1962 wora
1246 1907 1347 1962 tamen

173 2006 220 2060 est
243 2006 413 2062 correctura
436 2004 611 2063 confirmata
633 2023 694 2062 non
716 2003 812 2061 solum
842 2004 1014 2063 aDemet
990 2024 1035 2062 rro
1064 2004 1100 2061 do
1124 2002 1239 2060 Elocut.
1219 1998 1345 2075 t§72

172 2093 311 2173 ιδσαοτως
333 2124 383 2160 και
406 2096 501 2180 τὸμὴ
525 2096 647 2180 ἤπειρος
672 2094 747 2160 εἶναι
768 2095 800 2160 τδ
827 2101 1079 2162 Θουκυδίδειον
1071 2120 1137 2178 rpsa
1159 2102 1253 2160 verba
1276 2102 1345 2160 affe-

171 2202 268 2275 rente,
301 2199 353 2257 sed
383 2200 473 2258 etiam
504 2199 647 2276 Polyaeni
680 2203 710 2258 ct
740 2199 876 2274 Procopii
908 2218 943 2258 ea
975 2199 1158 2258 imitantium
1191 2218 1345 2257 consensu.

172 2296 215 2354 Of.
245 2298 323 2355 enim
351 2297 471 2374 Polyae.
495 2298 526 2356 ΙΙ
556 2302 584 2374 2,
614 2301 634 2356 4
662 2295 797 2378 ἐλαχίστῳ
828 2294 1031 2376 διειργομένην
1058 2297 1156 2378 ἰσθμῷ
1184 2290 1224 2373 μὴ
1253 2300 1346 2372 νῆσον

171 2386 246 2452 εἶναι
270 2399 301 2452 et
323 2395 444 2470 Procop.
469 2395 505 2454 de
528 2396 599 2455 boll.
624 2396 704 2454 Pers.
728 2395 743 2452 I
769 2397 808 2454 19
837 2390 965 2479 τοσούτῳ
993 2389 1049 2474 γδιρ
1075 2394 1229 2472 διείργεται
1251 2386 1282 2452 τὸ
1306 2386 1345 2470 μὴ

172 2486 382 2563 ἐπιθαλάττιος
411 2485 500 2568 εἶναι,
529 2493 565 2550 de
593 2494 663 2551 bell.
688 2493 776 2552 Goth.
800 2493 815 2549 Ι
841 2496 856 2549 1
888 2493 975 2552 δυοῖν
1003 2493 1134 2553 σταδίοιν
1161 2488 1346 2572 διειργομὲνη

171 2584 263 2667 μέτρῳ
291 2581 323 2647 τὸ
351 2583 390 2666 μὴ
419 2585 630 2660 {amatricem
659 2582 747 2665 εἶναι,
775 2591 791 2648 Ι
816 2593 855 2649 26
887 2588 978 2672 μέτρῳ
1006 2584 1063 2670 γδιρ
1090 2585 1217 2672 τοσούτῳ
1244 2585 1276 2650 τὸ
1305 2585 1344 2668 μη

171 2684 368 2745 ε’πιθαλασσία
392 2679 467 2746 εἶναι
490 2686 644 2767 διείργεται
661 2680 770 2764 Ῥοίμη,
794 2689 830 2746 de
854 2688 952 2747 Aedis.
971 2689 1014 2747 IV
1038 2691 1077 2747 10
1101 2688 1200 2770 ἰσθμῷ
1224 2687 1345 2766 διειργο-

172 2782 245 2861 μένη
270 2785 374 2862 βραχεῖ
392 2778 431 2862 μὴ
452 2786 543 2860 νῆσος
561 2779 747 2844 παντάπασιν
767 2777 850 2844 εἶναι.
888 2785 953 2844 Ηοο
971 2786 1066 2861 igitur
1085 2788 1149 2846 loco
1168 2805 1234 2844 cum
1255 2786 1348 2860 parli-

172 2883 282 2956 cipium
301 2882 472 2956 corruptela
490 2886 589 2940 ortum
608 2881 657 2958 sit,
681 2882 756 2939 VIII
777 2884 849 2958 105,
871 2885 888 2939 2
911 2882 1055 2940 librorum
1076 2884 1220 2941 memoria
1239 2883 1346 2941 discre-

171 2983 232 3053 pat.
284 2979 362 3036 Nam
394 2980 483 3037 multi
517 2979 599 3050 libri,
632 2979 711 3037 inter
742 2997 816 3053 quos
849 2979 939 3036 Laut.
971 2982 1002 3036 et
1032 2980 1109 3056 Pal,
1142 2973 1260 3037 διώκειν
1291 2999 1346 3054 pro

175 3073 330 3150 διώκοντες
362 3078 487 3155 habent,
521 3081 552 3136 et
584 3077 798 3152 vituperandus
831 3080 878 3136 est
909 3076 1069 3136 Classcnus
1101 3077 1180 3153 quod
1207 3076 1346 3135 Vaticani

173 3175 351 3235 auctoritate
379 3176 503 3233 nimium
532 3175 676 3250 oculisne,
709 3175 734 3233 si
762 3174 919 3250 quicquam
949 3175 1125 3234 mutandum
1153 3175 1207 3253 sit,
1238 3169 1287 3234 διδι
1314 3169 1345 3234 τδ

152 3277 312 3352 ’κρατῆσαι
341 3275 470 3333 scribere
500 3275 617 3333 mavult
643 3291 732 3349 quam
759 3274 886 3332 alteram
914 3274 1046 3334 codicum
1070 3274 1249 3349 scripturam
1273 3276 1345 3333 reoi-

149 3392 256 3447 ‚pere
289 3391 366 3447 quae
398 3372 486 3446 plane
519 3373 644 3431 eandem
677 3390 730 3429 son
732 3371 857 3430 tentiam
889 3374 1023 3447 praebet.
1079 3373 1158 3431 Nam
1190 3363 1346 3442 διώκοντες

172 3473 256 3545 patet
280 3490 316 3528 ex
335 3489 512 3545 praegresso
531 3463 724 3548 κρατήσαντες
742 3473 842 3528 ortum
861 3490 927 3530 esse
947 3471 1085 3530 similiter
1104 3474 1194 3546 atquo
1214 3473 1257 3529 VI
1279 3476 1305 3547 1,
1326 3474 1343 3527 2

173 3557 247 3627 οὖσα
271 3588 307 3626 ex
331 3569 483 3643 superiore
507 3566 594 3641 οὐσα,
622 3570 653 3625 et
681 3568 746 3641 pari
774 3568 885 3627 vitio
877 3589 907 3627 111
931 3569 1000 3628 Vat
1022 3569 1067 3626 IV
1091 3572 1183 3640 35,1
1210 3558 1346 3644 ἀναστρέ-

173 3687 352 3742 φοντεςριο
372 3659 610 3742 αναοτρέφεσθαι
629 3666 693 3724 etl
714 3669 786 3742 141,
806 3668 853 3723 4
846 3686 877 3724 ιιι
898 3668 1034 3725 omnibus
1059 3666 1144 3723 libris
1167 3667 1346 3742 πληροῦντες

172 3785 227 3840 pro
255 3767 388 3842 πληροῦν
417 3764 561 3838 scriptum
591 3768 648 3836 est,
678 3763 757 3838 quod
784 3764 952 3822 certissima
979 3764 1185 3822 emendatione
1213 3762 1347 3820 restituit

173 3863 403 3922 Heruerdenus.
456 3861 566 3936 Utique
600 3861 646 3919 hic
681 3861 763 3919 locus
800 3860 838 3918 ad
875 3862 1016 3919 tuendam
1054 3863 1225 3919 abnormem
1262 3859 1344 3918 illam

173 3967 355 4019 struet-uram
376 3960 478 4017 afferri
499 3960 612 4034 nequit.
645 3959 728 4025 Quod
748 3957 786 4016 ad
805 3958 935 4032 reliquos
954 3961 1034 4017 locos
1053 3959 1171 4033 attinet,
1189 3957 1226 4014 de
1243 3957 1259 4014 I
1277 3960 1305 4031 2,
1326 3961 1344 4016 5

173 4058 333 4116 Olasscnus
363 4061 393 4114 et
416 4052 677 4114 Reifferscheidius
705 4074 820 4113 mecum
850 4056 1039 4113 consentiunt
1068 4052 1100 4112 ἐκ
1124 4056 1176 4113 τοῦ
1199 4052 1246 4112 ἐπὶ
1269 4060 1345 4114 πλεῖ-

173 4172 241 4214 στον
264 4155 446 4229 iungeudum
472 4173 546 4231 esse,
570 4157 601 4211 ct
620 4153 647 4209 V
668 4156 696 4229 7,
717 4156 735 4210 2
757 4151 1015 4211 Reifferscheidius
1040 4153 1245 4226 comprobavit
1267 4153 1344 4227 quod
