3022 4936
652 341 848 404 -9-

163 513 282 586 tempus
311 509 498 568 coniunctivo
527 509 636 567 careat.
683 507 767 577 Quod
793 507 888 583 igitur
912 506 1081 584 Madvigius
1104 508 1135 565 in
1158 509 1338 566 commenta·

164 609 244 666 tione
272 627 363 683 quam
394 608 431 666 de
461 607 535 666 locis
563 607 678 680 aliquot
700 605 836 681 syntaxis
860 603 991 663 Graecae
1015 605 1135 681 scripsit
1164 597 1284 686 (Philol.
1308 605 1339 664 II

164 707 261 782 suppl.
280 727 307 782 p.
331 700 386 787 19)
411 706 447 764 de
466 705 504 764 iis
523 703 678 763 sententiis
699 701 871 763 observavit
893 722 970 777 quae
994 702 1194 762 condicionem
1217 703 1339 762 veritati

164 803 344 862 contrariam
373 803 527 863 continent
559 795 609 880 (cf.
633 802 648 858 1
674 804 724 874 76,
756 805 782 860 1.
815 799 862 858 ΙΙΙ
888 803 938 877 11,
967 802 995 859 5.
1027 800 1072 858 IV
1097 804 1147 874 27,
1173 805 1200 860 1.
1233 801 1285 876 40,
1310 804 1339 861 2.

168 903 239 973 104,
264 904 291 960 2.
322 900 366 958 VI
391 902 442 973 55,
467 903 494 958 3.
526 902 577 975 61,
602 896 645 977 2),
668 899 698 956 id
722 902 842 973 praeter·
865 899 1000 956 futurum
1023 897 1053 954 in
1077 917 1179 957 omnes
1203 897 1286 957 valet
1308 898 1338 955 in

165 998 272 1076 quibus
297 998 429 1058 condicio
452 1016 506 1073 per
529 996 726 1056 indicativum
750 996 932 1056 enuntiatur.
971 993 1085 1054 Deinde
1107 997 1164 1054 hoc
1187 996 1339 1070 evicimus,

164 1099 195 1154 in
228 1097 392 1155 enuntiatis
425 1115 444 1154 a
474 1095 574 1155 verbis
606 1094 723 1154 dicendi
755 1098 785 1154 et
814 1094 940 1170 putandi
968 1093 1167 1168 pendentibus
1195 1114 1271 1170 quae
1301 1095 1339 1152 ad

165 1195 367 1254 condicionem
395 1194 565 1253 referantur
593 1192 640 1252 cui
668 1192 878 1267 exprimendae
906 1191 932 1251 εἰ
959 1211 1025 1252 cum
1054 1192 1188 1266 optativo
1214 1193 1263 1253 vel
1286 1186 1339 1252 ἐάν

165 1312 232 1351 cum
255 1293 442 1352 coniunctivo
465 1291 633 1350 adhibitum
657 1292 698 1350 sit
721 1294 775 1350 aut
797 1290 979 1349 infinitivum
1007 1289 1102 1347 futuri
1126 1290 1195 1364 poni
1222 1293 1274 1348 aut
1301 1283 1340 1348 ἀν

165 1389 313 1450 infinitivo
342 1391 424 1464 addi,
452 1389 512 1449 nisi
539 1390 671 1449 condicio
699 1384 849 1466 generalis
878 1386 918 1446 sit
945 1387 993 1446 vel
1017 1387 1166 1445 sententia
1188 1386 1227 1445 ad
1249 1407 1340 1463 quam

167 1491 283 1565 spectat
301 1491 422 1564 praeter
441 1506 507 1546 eam
526 1487 618 1546 etiam
636 1506 690 1562 per
709 1506 741 1546 se
760 1486 868 1546 valeat.
900 1485 1037 1543 Eundem
1057 1503 1145 1542 usum
1163 1503 1340 1560 cognoscere

165 1582 237 1645 licet
256 1585 307 1644 ubi
330 1585 357 1645 εἰ
378 1605 445 1644 oum
459 1585 628 1646 indicativo
652 1585 749 1644 futuri
771 1585 870 1644 locum
891 1583 1004 1656 habuit,
1029 1585 1240 1658 praeterquam
1262 1584 1342 1659 quod

163 1686 194 1742 in
222 1686 300 1744 hunc
328 1686 449 1742 modum
473 1684 640 1743 sententiae
664 1683 799 1760 generali
821 1702 881 1741 101
904 1684 1009 1756 aptum
1032 1681 1128 1738 altera
1151 1683 1270 1738 tantum
1294 1699 1341 1739 ex·

164 1782 260 1858 ceptio
281 1782 368 1841 cadit.
398 1782 457 1841 Pro
476 1781 632 1842 infinitivis
652 1782 747 1840 futuri
766 1782 870 1839 autem
894 1798 959 1838 esse
982 1796 1070 1853 posse
1094 1782 1238 1852 quosdam
1257 1795 1341 1852 prae-

166 1881 259 1939 sentis
278 1882 309 1938 et
327 1880 453 1954 perfecti
471 1879 634 1939 infinitivos
654 1880 684 1937 in
703 1880 765 1938 vim
783 1878 880 1937 futuri
901 1878 1046 1936 abeuntes
1067 1875 1148 1934 infra
1166 1875 1341 1935 videbimus.

254 1977 309 2034 His
338 1975 482 2051 expositis
507 1977 562 2035 hos
591 1976 672 2034 locos
698 1975 897 2034 emendandos
921 1992 987 2034 esse
1011 1977 1149 2048 apparet:
1178 1973 1221 2030 IV
1246 1975 1297 2048 24,
1321 1977 1340 2032 4

165 2075 191 2134 εί
212 2069 269 2153 γὰρ
290 2067 464 2152 κρατήσειαν
486 2075 526 2155 τῷ
549 2074 694 2156 ναυτικῷ,
716 2065 748 2132 τὸ
768 2065 885 2151 Ῥῆγιον
907 2065 1030 2148 ῆλπιζον
1054 2115 1060 2128 .
1081 2056 1220 2150 ,ῥαδίως
1243 2066 1341 2149 χειρώ-

168 2178 278 2231 σασθαι
303 2166 385 2251 (lege
404 2163 620 2252 χειρώσεσθαι),
645 2172 696 2244 80,
719 2174 734 2228 1
760 2164 883 2246 ῆλπιζον
906 2161 1070 2244 ἀποτρέψαι
1095 2162 1128 2246 (1.
1150 2160 1342 2248 ἀποτρέψειν)

168 2263 275 2341 αύτοδς
298 2263 429 2346 μάλιστα,
453 2268 480 2327 εἰ
501 2262 780 2346 ἀντιπαραλυποῐεν,
805 2269 855 2343 86,
879 2270 899 2325 4
924 2259 994 2346 οὐδὲ
1017 2258 1120 2343 ἀσαφῆ
1140 2257 1175 2346 (1.
1194 2257 1232 2325 ἀν
1251 2269 1342 2345 σαφῆ.

167 2366 210 2426 Cf.
234 2367 342 2426 Annal.
366 2367 438 2443 phil.
467 2369 552 2425 1870
574 2387 602 2441 p.
625 2357 706 2448 339)
729 2359 784 2443 τῆν
807 2362 979 2441 ἐλευθερίαν
1001 2363 1109 2441 νομίζω
1133 2361 1294 2442 ἐπιφέρειν,
1317 2364 1344 2424 εἰ

165 2458 196 2525 τὸ
216 2458 339 2542 πάτριον
358 2461 460 2542 παρείς
478 2457 509 2524 τὸ
529 2461 619 2524 πλέον
641 2467 702 2535 τοῖς
726 2457 835 2543 ὀλίγοις
857 2455 876 2541 ῆ
900 2455 932 2522 τὸ
956 2459 1079 2521 ἔλασσον
1097 2467 1158 2534 τοῖς
1179 2464 1251 2522 πᾶσι
1275 2461 1342 2522 δου-

165 2557 299 2641 λύσαιμι,
326 2566 397 2639 117,
424 2567 439 2621 1
465 2563 636 2641 νομίσαντες
656 2555 814 2639 Ἀθηναῖοι
837 2557 891 2639 μὲν
914 2554 970 2620 oda
993 2551 1031 2618 ἀν
1054 2557 1094 2619 ἔτι
1116 2554 1168 2620 τὸν
1191 2560 1342 2639 Βρασίδαν

166 2662 252 2737 σφῶν
275 2664 516 2739 προσαποστῆσαι
539 2654 628 2720 οὐδὲν
653 2707 658 2718 .
680 2708 686 2720 .
706 2706 712 2717 .
736 2656 786 2718 καὶ
809 2653 882 2737 ἀμα,
908 2657 934 2717 εί
955 2660 1051 2729 καλῶς
1075 2657 1177 2734 σφίσιν
1200 2656 1270 2737 ἔχοι,
1293 2656 1343 2717 καὶ

166 2751 200 2838 (1.
223 2750 294 2838 κάν)
319 2758 466 2836 ξυμβῆναι
488 2752 523 2817 toi
546 2757 635 2817 πλείω
643 2750 678 2838 1),
702 2756 729 2814 V
749 2760 800 2830 22,
822 2761 837 2815 1
865 2749 920 2817 ούκ
943 2753 1059 2832 ἔφασαν
1081 2751 1220 2826 δέξασθαι
1242 2748 1275 2831 (1.
1295 2753 1342 2815 δὲ-

167 2846 295 2935 ξεσθαι),
321 2847 361 2932 ῆν
384 2849 425 2932 μῆ
448 2876 528 2926 τινας
553 2851 733 2934 δικαιοτέρας
756 2848 868 2915 τούτων
891 2854 1048 2929 ποιῶνται,
1072 2853 1115 2911 VI
1140 2855 1191 2929 24,
1217 2858 1232 2912 1
1259 2853 1341 2931 νομί-

167 2953 225 3023 ζων
250 2999 297 3030 ..,
320 2953 347 3012 εἰ
368 2947 560 3033 ἀναγκάζοιτο
584 2947 802 3031 στρατεύεσθαι,
826 2946 948 3030 μάλιστα
971 2943 1006 3032 (1.
1031 2943 1144 3027 μάλιστ’
1170 2943 1224 3030 ἀν)
1249 2945 1342 3023 ούτως

166 3043 307 3125 ἀσφαλῶς
334 3048 505 3126 ἐκπλεῦσαι,
535 3053 585 3124 40,
616 3055 630 3109 1
661 3045 842 3131 ῆμῆσάμενοι
869 3053 953 3110 τοῦτο
984 3045 1037 3126 μὲν
1065 3040 1103 3106 ἀν
1130 3045 1179 3106 καὶ
1203 3047 1268 3108 ἴσον
1291 3047 1340 3107 καὶ
1399 3086 1401 3091 ·

166 3143 256 3207 πλέον
279 3147 310 3207 σί
329 3142 440 3227 ἀγαθοὶ
458 3142 544 3225 ὑμῶν
562 3152 722 3226 μετασχεῖν,
746 3149 772 3208 εἰ
790 3145 822 3208 δὲ
841 3144 914 3206 ἀλλα
931 3140 1126 3225 βουλήσεσθε,
1149 3142 1199 3205 καὶ
1218 3141 1252 3228 (1
1271 3140 1341 3227 κάν)

118 3302 122 3309 .
165 3248 218 3306 τοῦ
241 3239 352 3319 παντὸς
375 3245 567 3319 κινδυνεύσαι
591 3248 779 3323 στερηθῆναι.
822 3245 964 3304 Eiusdem
987 3244 1113 3303 rationis
1138 3264 1174 3303 ea
1197 3249 1268 3304 sunt
1290 3245 1343 3303 ubi

166 3345 237 3404 talis
262 3345 394 3404 condicio
419 3365 454 3403 ex
474 3344 677 3420 superioribus
697 3343 858 3419 repetenda
877 3346 932 3403 est.
969 3342 1067 3412 011011
1087 3343 1253 3420 corrigendi
1272 3349 1342 3403 sunt

167 3443 198 3501 hi
226 3443 296 3502 loci:
331 3442 390 3501 VII
414 3445 465 3524 56,
489 3448 507 3502 2
537 3437 606 3515 τούς
633 3465 662 3503 τε
688 3437 744 3523 γάρ
771 3437 878 3514 ἀλλους
896 3436 1044 3518 Ἕλληνας
1073 3434 1166 3514 εὐθὺς
1193 3435 1262 3514 τοὺς
1289 3439 1343 3520 μὲν

167 3532 201 3621 (1.
226 3536 280 3618 μὲν
302 3533 356 3612 ἀν;
381 3561 449 3600 nam
471 3542 709 3601 subaudiendum
729 3540 821 3600 estet
839 3534 978 3600 δύναιντο
997 3535 1153 3620 κρατῆσαι)
1172 3536 1342 3619 ἐλευθερού-

167 3643 253 3714 σθαι,
281 3633 351 3711 τούς
380 3636 412 3699 δὲ
439 3634 538 3718 φόβου
568 3633 766 3715 ἀπολύεσθαι,
795 3639 868 3698 VIII
898 3642 949 3714 27,
978 3641 996 3698 3
1030 3636 1080 3697 καὶ
1109 3631 1163 3716 τῆν
1190 3632 1277 3698 πόλιν
1305 3636 1342 3698 ού

167 3730 261 3813 μόνον
292 3740 331 3820 τῷ
363 3737 486 3821 αἰσχρῷ,
520 3731 591 3796 ἀλλά
621 3735 670 3796 καὶ
699 3733 731 3817 (1.
759 3730 829 3808 κάν;
864 3757 933 3795 nam
964 3737 1202 3796 subaudiendum
1231 3739 1278 3795 est
1304 3728 1343 3813 ῆν

166 3826 336 3915 ῆσσηθῶσι)
365 3838 404 3916 τῷ
432 3835 553 3916 μεγίστω
581 3829 713 3918 κινδύνῳ
742 3836 932 3912 περιπίπτειν.
985 3835 1090 3910 Neque
1119 3834 1207 3893 aliter
1233 3853 1281 3892 res
1309 3852 1341 3892 se

167 3931 266 4003 habet,
290 3931 316 3990 si
336 3931 468 4022 eiusdem
487 3933 606 4009 generis
626 3934 758 3993 condicio
776 3932 933 4008 participio
956 3932 1140 4007 exprimitur.
1179 3929 1254 3989 01111
1276 3931 1342 4006 plu-

168 4029 243 4087 rima
266 4029 413 4088 eiusmodi
437 4030 572 4106 exempla
591 4034 721 4105 exstent,
749 4050 824 4107 quae
848 4049 1023 4089 enumerare
1045 4031 1169 4105 longum
1193 4030 1246 4103 est,
1270 4047 1342 4104 pau-

241 4202 267 4266 1)
287 4200 356 4252 Cum
371 4199 416 4253 hic
432 4200 460 4253 et
476 4199 514 4251 Vl
529 4204 571 4266 40,
588 4208 611 4268 1,
630 4201 678 4270 qui
692 4201 769 4255 locus
789 4200 873 4270 paulo
887 4202 951 4269 post
965 4199 1105 4267 afferetur,
1124 4200 1239 4267 propter
1257 4197 1341 4254 inter·-

168 4277 291 4347 positam
311 4280 504 4335 condicionem
522 4280 750 4336 molestissimum
769 4280 806 4335 sit
824 4279 950 4348 superius
973 4274 1010 4332 ίίν
1029 4279 1065 4332 ad
1088 4279 1207 4332 alterum
1230 4298 1341 4350 quoque

167 4359 338 4413 infinitivum
357 4361 473 4428 referre,
497 4359 562 4414 huic
586 4360 767 4430 explicationi
789 4360 962 4416 lenissimam
980 4359 1165 4413 mutationem
1184 4361 1340 4430 praeferen-

168 4441 234 4493 dam
254 4456 314 4494 esse
333 4456 485 4496 censemus.
