3022 4936
596 350 831 413 -σι--γ

116 525 263 583 rationem
283 527 400 582 secutos
420 543 494 582 esse.
531 523 634 598 Longe
653 523 806 581 diversum
825 524 871 582 est
894 520 1083 601 παρημέλουν
1105 523 1120 580 l
1141 526 1191 597 25,
1212 527 1230 583 3
1255 544 1291 582 ex

116 615 197 699 παρά
216 624 247 680 ot
265 615 376 698 άμελέω
396 626 503 680 ortum.
532 620 638 696 Itaque
653 621 757 680 eadem
772 622 926 696 augmenti
941 622 1038 679 forma
1051 623 1098 680 hic
1113 623 1228 698 ethys.
1243 621 1291 679 ΙΙΙ

119 721 158 778 17
174 718 330 777 inferenda
345 722 391 777 est
404 737 494 794 quem
508 737 586 777 nunc
600 719 692 778 habes
707 719 786 793 apud
796 718 939 778 Herodot.
950 703 1010 777 Vll
1022 723 1094 780 238.
1108 720 1194 779 Dem.
1203 719 1290 777 XVII

118 819 169 876 22.
193 815 300 877 Aesch.
323 816 370 874 III
391 819 440 875 77.
487 816 582 886 Quam
605 818 722 875 mature
745 817 829 876 verbi
854 818 1001 894 originem
1023 819 1165 894 ignorare
1189 837 1290 893 coepe·

116 914 178 972 rint
197 914 329 973 ostendit
347 911 597 992 καρηνομημένοα
616 913 665 973 DS
689 917 738 991 76,
758 917 809 988 39,
833 915 886 990 qui
904 916 1011 974 titulus
1035 917 1069 974 in·
1086 915 1174 974 Caria
1193 916 1290 974 factus

116 1014 164 1070 est
182 1030 208 1069 a.
229 1006 324 1091 355s4
344 1032 370 1072 a.
390 1011 442 1071 Oh.
461 1011 605 1071 Attamen
624 1012 734 1071 Atticis
756 1012 951 1087 scriptoribus
975 1014 1052 1073 hanc
1075 1015 1291 1089 qualiscunque

116 1110 164 1167 est
195 1109 398 1186 ignorantiam
432 1111 482 1171 vix
514 1114 595 1171 recte
628 1110 833 1186 imputaveris.
888 1111 954 1169 Etsi
988 1112 1041 1169 Th.
1074 1131 1133 1171 non
1165 1105 1291 1170 ἐκάθισα

115 1206 205 1282 dixit,
238 1209 290 1267 sed
317 1209 429 1268 καθῖσα
457 1208 501 1266 VI
526 1212 576 1285 66,
602 1213 629 1267 1.
664 1208 723 1266 VII
752 1211 803 1285 82,
832 1211 850 1266 3
880 1203 934 1282 (cf.
960 1209 1031 1268 Eur.
1059 1209 1168 1268 Phoen.
1195 1210 1288 1267 1188.

116 1305 210 1363 Arist.
233 1307 308 1364 Ran.
329 1309 407 1384 9113
429 1307 461 1364 in
485 1306 622 1367 Menand.
645 1306 751 1381 fragm.
777 1308 849 1382 112,
872 1307 890 1364 5
914 1311 1045 1366 καθῖσαν
1068 1327 1121 1382 pro
1145 1301 1290 1366 ἐκάθισαν

116 1403 280 1463 rescribere
314 1396 414 1485 licet),
450 1408 551 1463 mmen
584 1397 711 1481 ἐκάθητο
744 1403 771 1459 V
804 1405 832 1478 6,
865 1405 894 1481 5,
932 1399 1078 1483 ἐκάθηντο
1106 1406 1154 1464 ΙΙΙ
1182 1409 1232 1477 97,
1262 1409 1290 1465 2.

115 1501 160 1560 lv
188 1502 239 1576 44,
268 1502 288 1558 4
317 1497 367 1580 (α.
394 1480 487 1561 nuic.
516 1503 571 1562 nv.
601 1494 696 1583 σω),
726 1521 818 1578 quae
851 1502 942 1566 cuam
966 1504 994 1561 v
1018 1504 1069 1579 se,
1093 1506 1113 1561 4
1142 1497 1290 1580 ωοομω

115 1599 204 1658 alteri
241 1600 406 1674 scripturae
445 1602 578 1677 καθῆντο
614 1600 663 1659 vel
699 1592 832 1677 κάθηντο
870 1594 924 1679 (ef.
961 1601 1054 1662 Arist.
1092 1602 1188 1686 noel„
1210 1594 1289 1682 302)

114 1697 235 1757 videtur
262 1698 491 1773 praeferendum
521 1717 594 1756 esse.
645 1695 693 1755 ΙΙΙ
722 1699 773 1770 58,
802 1700 820 1756 5
853 1696 986 1757 Atticam
1019 1699 1179 1759 dialectum
1212 1698 1289 1758 εἱσα-

114 1790 212 1871 μένων
239 1796 392 1871 postulare
420 1789 597 1875 (εἱσαμένων
620 1795 695 1873 Pal,
725 1796 831 1871 reliqui
859 1792 1041 1874 ἑσσαμένων,
1070 1793 1220 1874 ἕσαμὲνων
1242 1799 1290 1856 vel

87 1942 90 1946 .
114 1912 152 1950 ex
175 1894 296 1969 interpr.
320 1886 539 1974 ἱδρυσαμένων)
567 1895 639 1952 Eur.
666 1893 756 1968 Hipp.
781 1895 831 1952 31.
863 1892 928 1968 Iph.
957 1893 990 1953 Τ.
1022 1897 1084 1954 946
1120 1894 1289 1953 ostendunt.

116 1991 294 2050 Tollendum
327 1995 373 2050 est
404 1994 600 2068 augmentum
633 1992 665 2049 in
691 1990 849 2066 participio
877 1986 1086 2069 κροσιδάμενος
1113 1992 1161 2049 ΙΙΙ
1191 1995 1240 2065 64,
1274 1998 1286 2049 l

116 2090 242 2166 tradit03
265 2108 335 2148 nam
358 2109 435 2165 quae
459 2089 522 2149 eius
547 2091 682 2164 exempla
706 2090 906 2148 afferebantur
931 2084 1051 2167 (Aesch.
1074 2090 1089 2148 I
1109 2093 1181 2149 165.
1206 2091 1289 2150 Dem.

115 2187 186 2245 XIX
211 2190 283 2248 233.
312 2188 435 2265 Dionys
463 2188 530 2248 Hal.
554 2187 625 2246 Ant.
649 2187 664 2245 I
689 2190 739 2257 65.
767 2185 901 2247 V1142.
931 2188 1012 2247 Luci.
1036 2189 1107 2248 Tor.
1133 2191 1182 2248 39.
1208 2188 1288 2247 Cass.

117 2285 204 2344 Dion.
228 2285 284 2344 LII
311 2289 359 2357 10,
385 2289 414 2346 3.
450 2285 520 2343 LIX
544 2288 595 2362 23,
620 2276 669 2366 5),
700 2304 736 2344 ea
759 2292 950 2343 correxerunt
972 2286 1127 2346 novissimi
1151 2288 1288 2346 editores

206 2383 378 2443 Proximum
398 2387 445 2443 est
463 2388 497 2442 ut
516 2383 632 2442 dicatur
646 2383 683 2442 dc
697 2384 858 2442 verborum
872 2383 1143 2443 terminationibus.
1180 2384 1288 2444 Secun-

117 2481 186 2541 dam
212 2500 291 2558 pers.
320 2483 396 2558 sing.
423 2482 579 2541 indicativi
605 2482 772 2557 praesentis
801 2485 831 2539 et
859 2480 955 2539 futuri
982 2482 1073 2541 medii
1101 2482 1149 2541 vel
1177 2483 1290 2558 passivi

116 2581 196 2655 apud
220 2586 337 2640 veteres
360 2580 477 2639 Atticos
501 2580 532 2637 in
556 2600 581 2637 ει
604 2581 699 2639 exisse
723 2579 911 2655 grammatici
938 2573 1062 2658 (Herod.
1085 2579 1115 2637 Π
1141 2582 1214 2655 831,
1239 2583 1288 2638 34.

116 2678 207 2736 schol.
235 2678 329 2737 Arist.
358 2678 477 2736 Thesm.
503 2678 575 2734 141.
608 2677 681 2734 Ran.
706 2678 779 2736 469.
812 2676 952 2734 Eustath.
979 2696 1009 2751 p.
1034 2678 1106 2750 641,
1132 2679 1159 2736 6.
1195 2681 1290 2754 1723,

120 2775 168 2832 18.
201 2775 296 2834 Bekk.
326 2774 436 2833 Anecd.
469 2795 497 2850 p.
528 2766 628 2853 1290)
657 2792 717 2832 uno
746 2792 890 2832 consensu
923 2772 1089 2849 affirmant,
1120 2774 1178 2833 nisi
1211 2777 1289 2849 quod

116 2869 340 2931 Choorohoscus
365 2865 472 2954 (Bekh.
497 2871 607 2931 Anecd.
631 2871 651 2930 l.
675 2862 708 2950 l.)
732 2871 863 2947 tragicos
888 2871 1005 2947 excipit,
1029 2871 1079 2947 qui
1103 2891 1289 2931 communem

117 2969 246 3028 formam
273 2970 474 3030 adhibuerint.
519 2970 604 3029 Licet
631 2973 733 3028 autem
760 2969 849 3028 huius
877 2969 1055 3028 auctoritate
1084 2971 1289 3029 confidendum

117 3067 157 3124 sit
176 3058 223 3146 (at
241 3068 276 3125 cl.
296 3067 385 3128 Dind.
406 3068 500 3143 praef.
519 3067 557 3124 ad
576 3067 659 3125 Poe‘t.
680 3085 756 3125 scen.
778 3087 806 3142 p.
826 3061 883 3145 IX)
908 3068 939 3124 et
962 3067 1068 3142 tragici
1092 3067 1289 3142 antiquiorem

117 3183 205 3222 usum
233 3165 413 3222 retinuerint
440 3159 640 3243 (primitivum
667 3164 746 3223 enim
775 3167 841 3223 erat
872 3188 892 3243 η
924 3184 978 3239 pro
1013 3157 1086 3245 εαι),
1119 3169 1221 3224 tamen
1253 3167 1290 3225 do

116 3260 240 3337 reliquis
260 3261 369 3321 Atticis
390 3262 583 3337 scriptoribus
605 3281 665 3321 non
688 3265 735 3320 est
758 3261 955 3320 dubitandum
979 3262 1049 3337 quin
1073 3282 1139 3322 eam
1162 3263 1290 3323 formam

117 3359 148 3416 in
171 3379 196 3417 ει
219 3360 455 3437 terminaverint,
478 3360 558 3435 quod
582 3361 618 3419 de
637 3359 841 3435 Aristophane
864 3359 975 3418 diserte
999 3363 1131 3426 testatur
1149 3363 1289 3422 Eustath.

117 3476 145 3531 p.
176 3459 273 3531 1723,
305 3461 353 3518 18.
404 3458 474 3517 Noli
507 3458 585 3517 enim
618 3457 737 3517 credere
765 3460 864 3517 totum
894 3458 949 3517 hoc
982 3463 1175 3535 pracceptum
1206 3481 1290 3537 repc-

117 3554 242 3631 tendum
279 3575 344 3615 esse
381 3575 400 3614 a
436 3557 699 3633 grammaticorum
736 3555 851 3615 incuria
884 3560 974 3632 atque
1007 3557 1178 3633 ignorantia
1209 3562 1290 3620 vete-

117 3671 182 3710 rem
211 3653 389 3727 scripturam
417 3654 458 3712 ΕΙ
486 3674 578 3731 prave
607 3655 825 3730 accipientium.
871 3652 947 3712 Cum
975 3655 1054 3714 enim
1082 3655 1184 3716 Ionica
1209 3657 1291 3716 litte-

118 3752 222 3808 ratura
245 3750 341 3809 multo
368 3751 450 3826 prius
478 3753 510 3811 in
537 3753 655 3828 privato
684 3771 773 3829 quam
801 3752 832 3810 in
859 3753 978 3826 publico
1006 3773 1063 3812 usu
1092 3757 1172 3814 esset
1196 3748 1290 3833 (certe

119 3846 198 3905 enim
229 3848 401 3924 Euripidae,
441 3853 475 3907 ut
511 3851 572 3909 iam
609 3851 791 3926 monuimus,
828 3850 859 3906 et
895 3847 1051 3926 Agathou,
1088 3851 1127 3908 ut·
1157 3868 1192 3909 ox
1226 3851 1289 3909 eius

120 3944 226 4020 fragm.
251 3946 271 4004 4
297 3949 435 4022 apparet,
464 3965 530 4006 eam
554 3947 764 4024 adhibuerunt,
792 3963 887 4021 neque
911 3946 1009 4005 minus
1036 3947 1068 4004 in
1091 3945 1290 4022 inscriptioni-

121 4042 176 4101 bus
184 4035 208 4123 ¹)
232 4063 280 4104 res
303 4037 464 4125 cernitur),
487 4044 547 4103 iam
570 4046 600 4104 in
623 4045 777 4106 veteribus
802 4043 972 4103 Atticorum
995 4045 1175 4120 scriptorum
1194 4064 1291 4104 exem-

118 4155 331 4165 —-———-

192 4205 218 4272 1)
242 4205 282 4259 Ex
306 4206 397 4260 titulis
422 4206 621 4275 sepulcralibus
645 4207 719 4275 apud
743 4204 851 4260 Atticos
870 4205 994 4259 ionicam
1018 4204 1208 4260 litteraturam
1232 4207 1289 4262 iam

119 4284 193 4339 circa
211 4287 334 4339 medium
354 4287 481 4355 quintum
497 4302 522 4339 a.
538 4285 586 4341 Ch.
607 4287 749 4341 saeculum
769 4287 798 4339 in
812 4305 863 4340 usu
878 4286 988 4354 privato
1002 4285 1089 4340 fuisse
1103 4288 1288 4357 cognoscitur,

120 4365 227 4430 quade
247 4381 276 4417 re
295 4366 329 4420 cf.
349 4365 472 4421 Koehler
491 4397 523 4404 -
543 4364 588 4419 die
612 4365 750 4421 attischen
770 4366 934 4419 Grabsteine
959 4367 1042 4436 (Mitt.
1067 4366 1116 4422 des
1135 4368 1288 4424 deutschen

120 4444 240 4498 archiiol.
260 4445 326 4499 lust.
346 4445 382 4514 X)
400 4465 427 4514 p.
447 4452 507 4502 378.
