3022 4936
693 343 911 406 ..60-

214 509 366 568 Meisterh.
395 507 415 584 §
439 511 492 585 40,
516 502 559 589 5).
606 509 642 568 In
669 509 756 568 libris
784 509 984 586 Thucydideis
1013 510 1118 569 relicta
1145 514 1216 569 sunt
1242 511 1257 568 I
1285 514 1336 585 58,
1368 514 1384 570 1

213 600 339 685 ηύροντο
364 600 447 679 (Vat.
472 601 605 686 etalii),
633 607 663 665 ΙΙ
689 609 738 682 18,
764 609 782 666 3
810 600 1015 684 ηὐτρεπίζοντο
1043 600 1160 685 (omnes
1188 609 1250 667 fere
1279 603 1387 689 codd),

214 704 257 762 IV
283 707 331 776 79,
357 707 374 763 2
404 698 524 783 ηὐτύχει
551 698 681 786 (Mosqu.
709 708 739 765 et
767 704 825 765 duo
852 697 976 786 Paris),
1005 705 1031 761 V
1055 708 1107 780 42,
1135 710 1149 763 1
1180 693 1275 783 ηὗρον
1302 701 1386 788 (Vet.

213 803 290 879 Aug.
319 803 381 863 Pal.
410 803 449 862 M.
481 797 586 882 Cass),
619 803 692 861 VIII
726 804 777 875 24,
809 805 829 861 4
861 796 1087 881 ηύὸαιμύνησαν
1119 797 1217 885 (Vae).
1267 805 1386 881 Ubique

213 901 433 961 restituendum
457 905 511 960 est.
557 901 661 961 Simile
684 905 731 961 est
753 895 877 982 ἠκαζον,
906 903 984 978 quod
1008 901 1038 960 II
1063 903 1114 974 54,
1139 904 1157 961 5
1182 904 1264 962 solus
1286 904 1387 980 Leur,

213 998 256 1056 VI
280 1002 331 1073 92,
355 1002 373 1059 5
403 999 471 1059 Vat
496 999 573 1076 Aug.
596 999 660 1058 Pal.
688 1019 755 1059 oum
783 1000 881 1059 tribus
909 1000 1107 1061 deterioribus
1129 1003 1242 1061 habent
1264 997 1387 1081 (reliqui

212 1089 355 1177 εἴκαζον),
388 1098 425 1156 de
458 1117 515 1173 quo
548 1097 585 1158 cf.
616 1097 725 1157 Herod.
758 1097 789 1155 ΙΙ
819 1100 892 1175 326,
916 1101 945 1157 5.
978 1101 1052 1176 486,
1082 1101 1131 1159 12.
1164 1100 1257 1160 Μοοε.
1288 1094 1387 1182 ήκασα

209 1188 344 1271 Ἀττικοί,
372 1194 473 1255 εἴκασα
495 1189 647 1274 Ἕλληνες.
693 1197 799 1271 Neque
827 1197 925 1256 miuus
952 1198 983 1255 in
1005 1197 1103 1256 titulis
1128 1197 1237 1256 Atticis
1260 1198 1387 1257 verbum

211 1285 380 1352 ἀναλίσκειν
402 1294 513 1370 ubique
537 1297 732 1372 augmentum
750 1295 843 1354 habet
862 1287 912 1375 (cf.
932 1295 1085 1355 Meisterb.
1105 1293 1125 1370 ξ
1145 1297 1196 1370 40,
1217 1288 1260 1377 6).
1295 1295 1386 1372 Apud

213 1393 267 1451 Th.
291 1412 381 1453 verae
403 1395 517 1454 formae
541 1396 677 1454 servatae
701 1396 772 1453 sunt
794 1395 864 1452 hee:
888 1393 919 1451 II
943 1394 993 1467 13,
1013 1395 1031 1451 3
1056 1386 1241 1471 ἀπανηλύθη
1265 1385 1387 1474 (omnes

211 1482 323 1570 codd),
348 1492 400 1565 ¹III
429 1495 481 1565 81,
510 1494 529 1551 3
562 1485 708 1569 ἀνηλοῦτο
740 1488 856 1572 (omnes
889 1491 971 1551 codd.
1005 1495 1125 1568 praeter
1156 1485 1324 1575 ἀνῃροῦντο
1355 1495 1387 1552 in

212 1582 351 1672 Mosqu.),
375 1590 435 1648 VII
454 1592 505 1665 48,
525 1593 543 1650 5
564 1583 748 1668 ἀνηλωκέναι
767 1583 817 1671 (ex
837 1590 1034 1651 deterioribus
1054 1590 1177 1665 aliquot,
1200 1594 1234 1650 ut
1257 1592 1388 1668 videtur,

213 1683 316 1768 vulg.).
350 1688 504 1763 Insignem
517 1689 717 1750 constantiam
731 1689 813 1748 codd.
828 1689 859 1746 in
874 1691 1035 1764 augmento
1049 1689 1208 1749 verborum
1223 1682 1387 1767 δύνασθαι,

211 1779 382 1864 βούλεσθαι,
399 1782 512 1863 μέλλειν
522 1788 691 1850 ostendunt.
710 1789 789 1847 Nam
799 1781 818 1866 ἠ
829 1787 1127 1863 augmentiinvorbo
1137 1784 1249 1865 μέλλειν
1258 1789 1387 1861 nullum,

212 1887 357 1961 quantum
380 1886 450 1961 scio,
473 1886 642 1960 exemplum
664 1905 683 1944 e
705 1881 846 1945 Bekkero
870 1905 906 1945 ex
929 1885 1074 1944 librorum
1097 1886 1277 1945 auctoritate
1299 1887 1386 1946 relic·

211 1988 276 2043 tum
296 1986 351 2059 est,
369 1984 454 2043 verbi
472 1977 617 2063 βούλομαι
636 2005 729 2044 unum
747 1977 912 2062 ἠβούλοντο
931 1983 975 2040 VI
997 1986 1045 2055 79,
1067 1986 1095 2056 3,
1118 1984 1169 2041 ubi
1188 1986 1290 2043 tamen
1308 1984 1386 2045 Ven.

211 2074 369 2159 ἐβούλοντο
394 2082 536 2162 servavit,
558 2083 589 2140 in
608 2076 759 2142 δύνασθαι
776 2082 966 2158 paucissimis
984 2102 1038 2156 pro
1057 2082 1241 2157 reliquorum
1260 2102 1387 2142 numero

212 2180 284 2239 locis
308 2180 345 2238 eb
371 2199 405 2239 eo
429 2183 580 2239 retentum
604 2184 658 2241 est.
696 2181 754 2240 Sed
773 2181 789 2239 Ι
808 2183 837 2258 3,
858 2183 876 2239 2
897 2180 970 2238 Von.
989 2173 1113 2239 ἐδύνατο
1132 2180 1224 2239 hebet
1247 2180 1387 2239 eandem-

211 2296 269 2352 que
296 2278 423 2336 formam
447 2279 462 2336 Ι
485 2279 505 2337 4
533 2278 611 2337 idem
643 2282 674 2337 et
698 2277 790 2353 Olan,
817 2278 862 2335 IV
887 2281 958 2352 129,
983 2281 1003 2337 4
1031 2279 1111 2338 idem
1133 2277 1208 2337 Ven.
1230 2272 1387 2357 ἕδονήθη;

212 2393 270 2434 uno
298 2375 378 2451 quod
406 2375 496 2435 sciam
523 2377 588 2437 loco
616 2377 659 2434 IV
688 2379 739 2452 33,
768 2381 786 2435 2
820 2377 890 2435 libri
917 2377 948 2434 in
975 2369 1175 2454 ἠδυνήθησαν
1202 2375 1386 2452 conspirant.

212 2473 247 2531 ln
266 2473 363 2532 titulis
383 2475 491 2533 Atticis
511 2475 721 2551 antiquissima
739 2475 829 2534 huius
848 2475 1003 2551 augmenti
1024 2475 1160 2548 exempla
1182 2473 1266 2533 tertii
1282 2493 1309 2532 a.
1330 2473 1385 2535 Cb.

212 2572 324 2631 saeculi
348 2574 430 2631 sunt:
458 2565 623 2650 ἠβούλοντο
647 2572 715 2632 ΟΙΑ
738 2574 768 2632 ΙΙ
793 2575 867 2647 314,
892 2574 943 2650 25,
970 2565 1101 2650 ἠδύνατο
1128 2572 1199 2631 ibid.
1229 2575 1302 2647 329,
1329 2577 1386 2652 123

211 2664 323 2746 μέλλειν
350 2670 435 2730 verbi
461 2672 579 2731 nullum
610 2672 766 2731 inventum
798 2674 845 2732 est
878 2665 1010 2751 (έμελλον
1038 2669 1105 2730 ΟΙΑ
1133 2671 1165 2728 II
1193 2672 1288 2730 834ο
1316 2665 1386 2750 28).

212 2768 288 2826 Raro
316 2768 348 2827 in
380 2769 426 2827 his
454 2771 561 2844 poetae
589 2771 715 2829 scaenici
742 2770 877 2846 neglecto
905 2768 1054 2828 communi
1082 2769 1250 2827 Atticorum
1277 2788 1335 2827 usn
1362 2764 1384 2848 ἠ

210 2868 407 2941 augmentum
430 2867 602 2927 admittunt.
648 2865 792 2944 Exempla
814 2868 907 2927 habes
932 2868 1037 2927 Aesoh.
1062 2868 1160 2926 Prom.
1185 2869 1257 2926 266.
1289 2867 1384 2929 Arist

210 2963 284 3023 Rau.
310 2966 404 3023 1038.
430 2965 508 3024 Eccl.
529 2967 602 3025 597.
640 2964 795 3040 Sophoclis
819 2970 848 3025 et
871 2966 1024 3042 Euripidis
1048 2965 1127 3042 quod
1150 2965 1269 3040 quidem
1293 2967 1386 3026 metri

209 3062 371 3122 necessitas
403 3066 525 3123 tueatur
557 3063 674 3122 nullum
707 3064 787 3124 nori.
842 3064 969 3140 Propter
1003 3067 1191 3124 constantem
1228 3065 1386 3138 augmenti

211 3180 297 3220 usum
325 3181 415 3238 quem
441 3162 473 3220 in
500 3161 607 3222 ceteris
635 3163 783 3222 cernimus
810 3163 921 3238 ubique
949 3162 1039 3223 etiarn
1063 3155 1146 3239 ἠφίει
1168 3161 1287 3221 videtur
1310 3163 1384 3220 scri·

211 3259 340 3319 bendum
368 3279 440 3321 esse.
487 3260 571 3319 Nam·
592 3260 624 3318 ΙΙ
647 3263 699 3335 49,
724 3263 741 3319 2
771 3260 802 3319 id
829 3279 931 3321 omnes
959 3261 1105 3337 praebent
1129 3259 1211 3332 libri,
1240 3259 1284 3341 IV
1309 3263 1384 3334 122,

212 3357 289 3430 311,
317 3357 391 3417 VIII
415 3362 468 3436 41,
492 3362 510 3417 2
535 3359 755 3419 restituendum
783 3362 837 3419 est.
882 3359 995 3419 Contra
1022 3351 1149 3435 ἀφίεσαν
1174 3357 1285 3432 ubique
1309 3377 1385 3433 aug-

210 3459 309 3514 mento
338 3460 429 3517 caret.
475 3455 519 3515 Cf.
543 3458 616 3518 Eur.
639 3456 756 3516 Heraol.
781 3459 854 3516 821.
886 3456 917 3514 II
943 3458 992 3528 62,
1018 3459 1037 3515 3
1064 3451 1283 3534 προκεκτημένα
1312 3457 1386 3515 sori-

210 3554 340 3613 bendum
368 3556 415 3612 est
442 3546 675 3635 (προσεκτημένα
703 3554 786 3614 codd.
814 3547 977 3634 plerique),
1009 3573 1069 3612 non
1095 3549 1296 3632 προεκτημένα
1326 3547 1385 3635 (sIo

211 3650 261 3710 Gr.
285 3654 316 3710 et
339 3645 472 3729 Ἄστρα),
496 3670 563 3711 cum
586 3652 659 3710 alibi
682 3652 736 3710 Th.
761 3652 934 3726 saepissime
957 3647 1104 3728 κέκτημαι,
1126 3670 1278 3727 nunquam
1301 3648 1385 3730 έκτη-

210 3749 401 3826 perdixerit.
439 3749 755 3809 Of.SohanziiPr011.
780 3750 818 3808 ad
840 3749 918 3808 Plat.
942 3748 1000 3807 XII
1024 3769 1050 3824 p.
1073 3749 1184 3807 XVIII.
1221 3748 1385 3810 Manifesto

210 3848 284 3907 vitio
308 3849 451 3908 omissum
475 3851 522 3907 est
544 3850 738 3924 augmentum
761 3848 793 3905 in
811 3844 1027 3925 έλληνίσθησαν
1049 3848 1080 3905 Il
1105 3850 1155 3925 68,
1177 3849 1206 3908 5.
1244 3847 1288 3907 Cf.
1307 3848 1385 3908 Lob.

210 3946 248 4004 ad
275 3947 388 4023 Pbryn.
416 3968 444 4023 p.
473 3949 546 4006 380.
575 3946 622 4005 III
651 3948 702 4022 67,
731 3948 748 4005 5
779 3947 861 4005 solus
888 3965 990 4006 veram
1018 3947 1144 4004 formam
1172 3939 1386 4024 παρενόμησαν

209 4045 341 4105 servavit
364 4045 423 4119 Gr,
445 4045 555 4120 reliqui
576 4037 799 4122 παρηνόμησαν.
836 4045 914 4103 Nam
938 4047 1073 4120 exempla
1094 4046 1221 4122 perfecti
1244 4050 1276 4105 et
1297 4046 1385 4121 plus-

210 4143 426 4219 quamperfecti
454 4143 534 4219 apud
566 4143 683 4202 Atticos
713 4143 833 4219 quIdem
861 4143 1021 4219 scriptores
1055 4163 1172 4219 semper
1203 4145 1386 4220 reduplicati

211 4233 299 4320 (Xen.
322 4243 402 4301 Hist.
426 4241 476 4301 Gr.
498 4241 529 4298 II
556 4245 584 4318 1,
604 4244 642 4300 31
669 4232 954 4320 παρενενομήκεσαν,
978 4245 1006 4316 3,
1032 4244 1072 4301 36
1096 4239 1386 4322 παρανενομηκέναι,

210 4339 295 4398 Dem.
318 4341 388 4398 XXI
412 4345 430 4401 9
455 4332 745 4418 παρενενομήκεσαν,
773 4341 874 4400 XLIII
899 4343 937 4400 71
963 4334 1254 4418 παρανενομήκασιν,
1282 4340 1385 4400 XLIV

211 4436 262 4494 31.
294 4437 364 4497 LIV
393 4442 411 4500 2
439 4431 721 4521 παρανενομῆσθαι)
751 4440 926 4500 documento
955 4440 1025 4498 sunt
1053 4437 1107 4497 hos
1135 4438 1232 4514 ipsam
1258 4438 1386 4514 linguae
