3022 4936
644 326 857 389 ,28-

164 494 193 549 in
223 490 314 550 Thus.
344 483 419 570 (ind.
447 495 514 552 lect.
542 492 666 551 Vratisl.
695 510 721 547 a.
753 480 907 567 187οί77)
936 510 962 564 p.
992 491 1025 564 3,
1057 492 1161 564 postea
1189 493 1219 548 in
1248 492 1333 547 Anal.

164 590 228 648 orit.
253 591 284 647 et
307 610 399 664 gram.
430 583 504 672 (ind.
528 594 593 650 lect.
618 588 741 647 Vratisl.
765 605 791 644 a.
818 579 972 667 1877778)
1000 608 1028 663 p.
1054 590 1179 663 llsqq.‚
1207 589 1334 644 maxime

165 691 342 762 commotus,
372 693 406 747 ut
433 689 565 763 videtur,
594 685 684 744 simili
714 684 792 760 quod
820 684 848 742 ei
871 685 1002 744 innotuit
1025 685 1156 760 exemplo
1181 684 1335 743 Platonico

166 785 241 844 Phil.
274 787 352 845 aab
385 779 421 845 οὗ
453 834 458 845 .
491 833 497 844 ,
528 831 535 843 .
567 786 651 843 τοῦτο
684 779 773 862 έγωγε
806 775 927 858 ἐζήτουν
959 803 1020 858 πω,
1053 780 1096 853 τίς
1126 777 1209 860 τέχνη
1242 775 1261 859 ’ἢ
1295 783 1332 851 τί·

164 875 304 959 ἐπιστήμη
327 884 430 943 πασῶν
454 878 587 960 διαφέρει
609 884 649 964 τῷ
681 879 800 959 μεγίστη
832 877 880 939 καί
911 873 1013 958 ἆρίστη
1041 877 1091 939 καὶ
1117 880 1233 940 πλείστα
1258 876 1322 959 (ζμ.-

164 983 255 1039 λοῦσα
282 973 373 1058 ἡμᾶς,
411 980 589 1039 sententiam
619 979 804 1054 aliquantum
834 980 975 1055 mutavit,
1009 979 1212 1054 Thucydidem
1239 978 1326 1038 tribua

163 1079 235 1136 locis
253 1079 297 1136 IV
318 1080 368 1158 63,
392 1083 418 1136 1.
443 1079 485 1135 VI
508 1083 534 1151 1,
555 1081 582 1136 2.
609 1077 684 1135 VIII
705 1079 777 1150 105,
799 1080 816 1134 2
842 1097 860 1135 a
883 1078 1020 1152 legitima
1043 1078 1158 1138 dicendi
1180 1080 1328 1138 consuetu-

163 1175 231 1234 dine
255 1176 414 1235 descivisse
438 1177 496 1234 sibi
519 1175 716 1252 persuadens3
747 1175 798 1234 sed
822 1175 852 1232 id
875 1176 975 1234 missis
1001 1175 1220 1253 interpretandi
1244 1177 1332 1235 artili-

164 1273 215 1330 ciis
239 1272 282 1330 ita
305 1272 363 1331 sibi
384 1274 532 1349 explicare
552 1272 633 1332 visus
654 1276 763 1349 estut,
787 1273 926 1348 quoniam
946 1275 1107 1350 participia
1125 1293 1191 1334 oum
1210 1275 1335 1334 articulo

162 1365 195 1429 τό
219 1372 378 1430 coniuncta
402 1392 453 1447 pro
479 1373 677 1431 substantivis
701 1370 872 1431 verbalibus
894 1371 1015 1431 Graecis
1039 1373 1176 1440 fuissent,
1200 1374 1287 1432 velnt
1308 1367 1337 1434 τὸ

163 1464 216 1546 μέν
244 1461 342 1541 δεδιὸς
371 1514 377 1528 .
402 1518 408 1530 .
433 1517 439 1530 .
469 1464 563 1542 τὸδὲ
590 1471 727 1547 θαρσοῧν
755 1470 769 1526 Ι
799 1471 849 1544 36,
881 1472 908 1542 1,
935 1462 966 1528 τὸ
996 1465 1138 1546 μέλλονΙ
1167 1472 1218 1544 84,
1250 1474 1278 1544 1,
1307 1461 1338 1531 ab

162 1561 345 1646 βουλόμενον
373 1570 387 1626 Ι
418 1572 468 1645 90,
498 1573 526 1645 2,
554 1571 593 1651 τῷ
620 1564 772 1648 τιμωμένῳ
800 1567 831 1624 ΙΙ
860 1570 911 1644 63,
941 1570 969 1639 1,
1001 1590 1033 1626 το
1065 1560 1104 1644 μη
1133 1561 1205 1626 κατδι
1234 1563 1341 1646 κράτος

164 1662 288 1743 νικηθέν
312 1668 341 1725 II
366 1670 417 1743 87,
442 1671 460 1727 3
491 1685 626 1742 quaeque
654 1669 725 1724 sunt
753 1667 875 1743 similia,
904 1667 942 1724 ab
967 1666 1012 1723 his
1037 1665 1179 1741 exemplis
1202 1667 1259 1726 illa
1282 1688 1342 1728 non

163 1764 283 1822 differre
298 1765 410 1823 diceret
425 1765 484 1824 nisi
503 1765 581 1840 quod
600 1763 758 1839 partieipia
777 1764 908 1822 neutrali
926 1764 1021 1822 forma-
1041 1766 1134 1822 exuta·
1148 1766 1342 1827 attractionis

163 1863 290 1939 quodam
323 1882 433 1939 genere
466 1862 723 1922 substantivorum
756 1882 880 1921 suorum
912 1881 1007 1938 genus
1046 1882 1204 1922 numerum
1237 1885 1341 1925 casum

163 1965 367 2037 sequerentur.
424 1961 540 2018 Similia
573 1960 612 2019 ad
643 1962 719 2019 hanc
753 1964 936 2020 structuram
968 1959 1013 2016 IV
1046 1963 1095 2034 63,
1122 1965 1149 2019 1.
1189 1962 1217 2019 V
1250 1966 1278 2037 7,
1314 1951 1342 2023 3.

164 2060 237 2118 VIII
262 2062 334 2132 105,
355 2062 373 2117 2
399 2060 615 2118 defendendam
639 2060 873 2119 comminiscitur
897 2058 1056 2118 Classenus
1080 2059 1111 2116 in
1134 2060 1153 2117 l.
1175 2060 1220 2118 IV
1244 2063 1291 2123 ed.
1312 2063 1343 2121 H

162 2178 191 2232 p.
217 2160 279 2216 228
292 2177 354 2233 sqq.
391 2157 449 2215 Sed
473 2156 546 2215 alibi
570 2158 621 2215 ubi
645 2159 719 2217 talia
741 2158 900 2233 participia
922 2177 988 2216 cum
1013 2157 1212 2217 substantivis
1236 2159 1344 2220 iuncta

164 2256 355 2332 Thucydides
383 2256 474 2314 habet
497 2258 722 2332 grammaticam
752 2257 899 2314 rationem
928 2274 1050 2314 servans
1079 2258 1133 2314 aut
1162 2275 1222 2317 non
1256 2261 1374 2343 ponit⁴

163 2354 321 2410 articulum
351 2355 404 2410 aut
431 2352 544 2426 pariter
572 2357 662 2429 atque
690 2355 881 2429 participium
910 2354 948 2413 ad
978 2353 1199 2413 substantivum
1225 2342 1358 2416 aecem·-

163 2451 273 2508 modat.
320 2449 363 2508 cf.
394 2451 472 2508 enim
500 2454 620 2525 praeter
644 2453 674 2509 II
698 2455 749 2526 40,
774 2455 793 2510 4
822 2444 890 2528 μετὰ
918 2454 1007 2511 ταῦτα
1035 2445 1213 2529 λωφήσαντα
1243 2458 1274 2515 et
1298 2455 1343 2515 VI

165 2552 193 2624 3,
214 2552 232 2608 3
249 2541 327 2629 ,parci
346 2541 542 2626 Συρακούσας
566 2548 745 2622 οἰκισθείσας
765 2550 778 2606 I
799 2553 850 2625 23,
873 2553 891 2609 6
915 2543 984 2622 τοὺς
1003 2543 1186 2627 Ἀθηναίους
1209 2544 1343 2631 ἡγοῦμαι

164 2640 308 2725 μεγάλους
340 2642 532 2726 γιγνομένους
563 2645 613 2706 καὶ
650 2642 748 2726 φόβον
784 2644 962 2727 παρέχοντας
999 2653 1058 2719 τοῖς
1089 2648 1344 2727 Λακεδαιμονίοις

163 2736 329 2823 ἀναγκάσαι
357 2743 386 2815 ές
413 2738 444 2803 τὸ
468 2749 618 2822 πολεμεῖν,
647 2747 692 2804 III
717 2750 767 2820 36,
792 2751 810 2806 2
835 2740 1083 2824 προσξυνεβολλετο
1108 2741 1163 2806 οὐκ
1186 2742 1342 2827 ἐλάχιστον

162 2844 213 2918 τῆς
237 2835 329 2919 ὁρμῆς
348 2841 381 2899 αἱ
398 2842 648 2919 Πελοποννησίων
671 2847 740 2920 νῆες
764 2843 793 2916 ἒς
818 2845 928 2904 Ιωνίαν
951 2842 1072 2916 ἐκείνοις
1095 2843 1207 2923 βοηθοὶ
1230 2839 1342 2925 τολμη-

163 2957 249 2999 σασαι
272 2939 560 3018 παρακινδυνεῦσαι,
589 2942 640 3014 53,
665 2945 683 3000 3
709 2934 724 3001 ὁ
754 2937 793 3021 μὴ
822 2940 925 3021 ῥηθεὶς
948 2936 1033 3021 λόγος
1056 2948 1117 3014 τοῖς
1139 2931 1193 3003 ὧδ’
1219 2942 1343 3022 ἔχουσιν

163 3038 258 3098 αἰτίαν
281 3031 320 3098 δν
343 3031 497 3116 παράσχοι,
521 3038 565 3095 IV
587 3043 637 3116 26,
658 3041 676 3099 5
701 3039 795 3101 αἴτιον
819 3038 851 3100 δὲ
875 3030 914 3119 ἦν
936 3040 968 3100 οἱ
984 3035 1218 3119 Λακεδαιμόνιοι
1241 3065 1343 3121 προει-

161 3132 276 3214 πόντες,
301 3141 351 3213 29,
375 3139 393 3196 3
418 3131 521 3215 ῥώμην
543 3135 592 3196 καὶ
615 3131 634 3216 ἡ
658 3142 748 3217 νῆσος
771 3138 973 3220 έμπρησθεῐσα
996 3136 1129 3219 παρέσχε,
1150 3136 1204 3215 47,
1225 3144 1244 3199 2
1269 3137 1343 3216 τοὺς

161 3231 273 3314 ἄνδρας
302 3282 308 3294 .
333 3282 339 3294 .
364 3280 371 3294 .
399 3227 451 3294 ὑπ’
481 3228 578 3294 ἄλλων
610 3234 804 3314 κομισθέντας
833 3285 839 3297 .
865 3284 870 3295 .
895 3285 901 3296 .
933 3231 987 3316 την
1019 3230 1105 3315 τιμὴν
1137 3242 1198 3309 τοῖς
1230 3233 1344 3320 δίγουσι

162 3338 374 3411 προσποιησαι,
407 3334 450 3390 VI
480 3335 531 3408 80,
561 3337 579 3391 2
613 3334 639 3394 εί
664 3329 720 3413 γδρ
749 3329 788 3394 δι’
818 3329 894 3412 ὑμᾶς
922 3329 961 3412 μὴ
991 3329 1236 3413 ξυμμαχήσαντας
1265 3331 1284 3398 ὅ
1313 3363 1344 3400 τε

162 3423 272 3488 παθὼν
305 3425 482 3507 σφαλησεται
514 3427 562 3488 καὶ
594 3423 609 3490 ὁ
637 3433 752 3508 κρατῶν
780 3430 938 3511 περιέσται,
971 3434 1046 3491 VIII
1077 3436 1104 3510 9,
1133 3435 1151 3492 3
1180 3433 1277 3494 αἴτιον
1308 3433 1341 3497 δ’

162 3524 273 3606 ἐγένετο
297 3573 303 3586 .
328 3571 334 3585 .
360 3572 366 3586 .
396 3529 427 3587 οἱ
452 3524 505 3605 μέν
532 3527 635 3589 πολλοὶ
662 3532 720 3588 τῶν
749 3531 832 3590 Χίων
860 3525 915 3591 οὐκ
942 3526 1049 3603 εἰδότες
1075 3525 1110 3590 τδι
1137 3527 1344 3615 πρασσόμενα,

163 3625 324 3683 secundum
358 3646 483 3702 quorum
517 3628 719 3702 exemplorum
752 3629 976 3688 similitudinem
1006 3630 1050 3686 IV
1080 3633 1134 3702 63,
1170 3632 1185 3687 l
1221 3625 1273 3690 διδι
1308 3628 1343 3696 τὸ

162 3717 339 3802 ἀτέκμαρτον
367 3721 433 3796 δέος
460 3722 509 3783 καὶ
538 3719 587 3784 διὰ
617 3719 685 3797 τοδς
709 3718 891 3802 Ἀθηναίους
918 3720 977 3803 ἤδη
1009 3720 1157 3805 φοβεροὺς
1188 3723 1345 3806 παρόντας

162 3823 292 3882 seribere
315 3823 438 3898 licebat,
462 3844 529 3881 cum
553 3823 579 3878 V
605 3827 632 3899 7,
657 3826 684 3881 2.
714 3824 790 3881 VIII
817 3826 888 3898 105,
912 3829 930 3883 2
956 3818 1005 3883 διὰ
1029 3818 1060 3884 τό
1083 3825 1120 3883 ad
1144 3826 1344 3902 participium

162 3921 280 3979 causale
308 3920 444 3979 additum
471 3940 593 3996 prorsus
622 3940 876 3997 supervacaneum
902 3926 983 3980 esset
1006 3926 1037 3981 et
1060 3926 1163 3982 contra
1185 3924 1344 4000 reliquum

162 4020 225 4078 eius
248 4019 400 4094 participii
422 4038 518 4077 usum.
565 4019 622 4078 Sed
645 4021 716 4079 licet
739 4039 757 4078 a
780 4023 922 4080 consueta
945 4021 1060 4078 dicendi
1089 4039 1194 4079 norma
1217 4023 1262 4081 ita
1287 4026 1342 4086 de·

161 4116 248 4174 ficere
272 4117 369 4192 ipsum
392 4136 453 4175 non
476 4117 721 4178 alienumfuerit
744 4139 762 4178 a
785 4119 891 4178 Graeci
915 4118 1059 4178 sermonis
1088 4119 1199 4193 indole,
1229 4124 1266 4180 ut
1291 4126 1343 4185 via

161 4231 195 4270 ac
227 4213 342 4272 ratione
374 4215 566 4288 procedatur,
600 4216 774 4292 priusquam
789 4199 792 4203 ⁷
805 4218 931 4276 alicuius
966 4218 1154 4276 enormitatis
1187 4220 1340 4282 rationem

120 4321 125 4329 '
160 4309 351 4386 indagemus,
379 4316 468 4371 antea
494 4312 654 4371 videndum
683 4318 729 4374 est
756 4318 856 4374 utrum
885 4317 958 4373 haec
985 4334 1091 4374 revera
1120 4317 1273 4376 exstiterit
1299 4339 1342 4381 an

161 4428 237 4484 quae
261 4409 324 4467 eius
349 4413 486 4487 exempla
510 4431 574 4471 csse
598 4413 737 4472 videntur
761 4413 798 4471 ad
822 4432 1008 4471 communem
1037 4408 1153 4472 dicendi
1177 4420 1341 4478 consuetu-
