3022 4936
643 360 862 422 „20-

167 527 335 602 applicatur
353 527 411 585 nisi
430 526 468 584 ad
486 525 578 585 verba
601 524 726 598 putandi
744 527 797 581 cut
816 521 942 582 dicendi.
980 521 1066 591 Quod
1084 522 1163 580 enim
1182 520 1209 576 V
1226 522 1297 595 105,
1318 523 1336 578 3

168 626 330 702 φοβεῖσθαι
344 643 411 682 cum
427 624 573 682 infinitivo
584 621 681 679 futuri
691 621 836 696 iungitur,
850 621 881 678 in
892 621 1000 679 timore
1011 618 1181 694 suspicandi
1191 619 1340 676 sententie

167 725 243 781 latet
257 715 317 802 (cf.
337 722 422 781 Hom.
444 720 497 781 Od.
516 720 602 778 XXII
622 722 673 778 40.
697 720 768 778 Eur.
792 718 854 779 Ion.
877 712 985 798 1564).
1018 719 1123 793 Neque
1147 717 1206 774 alia
1224 717 1340 776 ratione

166 820 246 877 idem
269 819 434 880 infinitivus
458 819 504 876 III
529 821 581 893 26,
605 821 624 876 4
649 817 775 877 verbum
798 814 946 894 ἐπιμένειν
966 817 1109 892 sequitur,
1133 817 1273 891 quoniam
1293 834 1340 871 ex·

168 918 313 991 spectatio
336 917 543 977 confidentiam
566 906 700 997 habet.¹)

724 1094 781 1164 llI.

257 1220 315 1277 Diu
335 1222 524 1296 multumque
543 1239 561 1278 a
579 1220 652 1280 viris
673 1218 766 1276 doctis
790 1218 990 1293 disceptatum
1013 1221 1060 1276 est
1081 1237 1153 1274 uum
1176 1211 1214 1274 iiv
1236 1217 1340 1275 futuro

167 1318 291 1394 adiungi
308 1322 419 1394 posset.
456 1319 488 1377 Si
511 1338 546 1377 ea
569 1319 618 1378 via
641 1337 730 1393 quam
755 1336 846 1391 supra
867 1316 899 1374 in
922 1318 977 1376 hcc
1000 1315 1209 1391 quaestionum
1231 1333 1341 1391 genere

167 1415 349 1491 sequendum
378 1435 444 1476 esse
472 1417 719 1494 significavimus,
748 1418 782 1472 ut
809 1415 846 1472 ad
875 1406 1035 1473 veritatem
1061 1412 1212 1488 perveniri
1236 1413 1341 1487 possit,

167 1514 366 1572 insistendum
390 1518 445 1590 est,
469 1518 569 1574 actum
593 1514 651 1572 erit
674 1513 710 1570 de
734 1531 837 1570 eorum
856 1512 1006 1571 sententie
1024 1512 1075 1587 qui
1093 1511 1167 1569 illud
1186 1530 1205 1567 o
1224 1510 1348 1586 Thucy-¹

166 1610 235 1670 dide
262 1613 373 1670 factum
404 1631 470 1672 esse
499 1612 659 1670 affirmant.
709 1610 815 1684 Neque
843 1610 922 1668 enim
954 1611 1023 1668 inde
1050 1604 1279 1685 proficiscuntur
1305 1611 1343 1665 ut

167 1708 312 1768 librorum
339 1711 500 1770 memoriae
527 1710 617 1768 fidem
642 1706 810 1767 habendam
834 1725 900 1766 esse
923 1727 959 1766 ex
982 1709 1122 1767 universo
1146 1726 1251 1765 eorum
1273 1725 1341 1765 con-

166 1825 255 1865 sensu
277 1806 469 1883 ipsorumque
493 1808 626 1866 locorum
649 1807 758 1864 natura
780 1807 968 1881 corruptelae
991 1808 1089 1865 minus
1113 1806 1240 1864 obnoxia
1263 1823 1341 1863 ccm-

165 1904 304 1980 probent,
339 1905 392 1963 sed
420 1906 464 1964 ita
491 1922 611 1964 oausam
645 1921 730 1962 suam
760 1903 919 1963 defendere
951 1905 1074 1964 student
1105 1907 1140 1961 ut
1172 1903 1344 1978 excogitata

166 2001 281 2060 ratione
305 2022 364 2077 qua
387 2022 459 2062 usus
483 2003 610 2077 scriptor
633 2020 668 2059 eo
692 2001 779 2060 modo
801 2002 883 2077 loqui
902 2004 956 2061 aut
973 2002 1104 2061 voluerit
1123 2005 1176 2060 aut
1194 2001 1343 2070 debuerit,

166 2099 238 2174 quid
254 2120 324 2158 vere
343 2101 498 2176 scripserit
516 2100 709 2160 constituant.
746 2098 805 2157 Sed
823 2100 855 2157 in
873 2101 928 2160 hoc
947 2119 1057 2175 genere
1075 2101 1173 2158 minus
1193 2099 1343 2157 rationem

166 2216 238 2255 usus
262 2198 348 2273 sequi
370 2199 490 2257 videtur
513 2216 603 2273 quam
626 2216 662 2255 ex
684 2216 743 2255 usu
770 2200 918 2257 rationem
944 2199 1082 2276 cognosci
1109 2201 1343 2259 consentaneum

166 2298 221 2353 est.
272 2294 345 2353 Cum
376 2298 477 2355 autem
509 2295 648 2355 veritatis
681 2296 830 2370 quandam
864 2296 990 2371 speciem
1021 2297 1133 2356 habeat
1164 2297 1219 2355 illa
1248 2296 1344 2353 ratio-

59 2419 63 2427 ·
165 2394 288 2467 cinctio,
317 2412 376 2451 non
403 2393 573 2451 mirandum
602 2395 648 2451 est
670 2393 774 2450 multis
799 2411 865 2451 eam
887 2395 1074 2471 imposuisse,
1098 2398 1130 2455 ct
1153 2415 1199 2453 me
1223 2414 1343 2471 quoque

165 2490 300 2566 speciosa
317 2490 462 2549 Ludovici
481 2490 617 2548 Herbstii
636 2492 904 2566 argumentatione,
926 2512 1015 2568 quam
1034 2494 1161 2568 probavi
1179 2494 1210 2551 in
1229 2493 1340 2550 Annal.

165 2590 237 2663 phil.
265 2609 290 2649 a.
317 2591 401 2648 1868
430 2609 458 2663 p.
485 2591 545 2648 181
560 2608 635 2664 sqq,
665 2587 824 2664 deceptum
848 2608 912 2648 esse
936 2591 1065 2667 ingenue
1088 2592 1238 2666 profiteor.
1284 2590 1343 2647 Hic

165 2687 244 2745 enim
274 2688 311 2745 de
338 2679 374 2744 ea
402 2706 435 2745 re
463 2687 560 2746 fusius
589 2706 624 2746 ea
651 2688 900 2747 commentatione
928 2680 1102 2764 disputavit
1120 2710 1209 2765 quam
1238 2690 1274 2746 de
1303 2684 1344 2746 div

77 2837 81 2841 .
162 2785 266 2845 futuro
297 2786 376 2860 apud
405 2784 610 2860 Thucydidem
644 2783 745 2841 addito
774 2787 894 2862 scripsit
923 2779 1106 2866 (Hamburgi
1136 2780 1245 2866 1867).
1296 2786 1343 2844 Re

166 2886 270 2941 autem
292 2883 403 2939 iterum
424 2885 515 2956 atque
533 2882 643 2940 iterum
662 2902 810 2957 perpense
827 2884 1007 2967 παλινῳδεῖν
1025 2889 1145 2945 coactus
1165 2904 1231 2944 sum
1250 2887 1343 2959 atque

165 2982 203 3039 ab
232 2998 266 3038 ec
295 2978 453 3037 dissentire
482 2979 530 3037 oui
560 2981 688 3039 antehac
720 2983 965 3041 consentiendum
997 2990 1063 3041 esse
1094 2982 1173 3041 duxi.
1224 2982 1282 3040 Sed
1311 2981 1347 3040 orl

164 3072 300 3156 δεύτεραί
325 3098 389 3147 πως
416 3076 572 3154 φροντίδες
600 3073 772 3158 σοφώτεραι.
823 3080 858 3137 In
885 3098 993 3139 novem
1023 3099 1099 3155 quae
1131 3081 1169 3137 ab
1196 3080 1343 3139 Herbstio

164 3177 366 3236 defenduntur
398 3168 575 3256 exemplis2)
608 3196 662 3251 pro
695 3178 877 3252 reliquorum
905 3196 1029 3236 numero
1061 3178 1248 3253 paucissimis
1281 3196 1344 3234 non

237 3333 263 3399 1)
277 3327 356 3382 Licet
367 3327 469 3382 Herod.
480 3328 505 3378 V
515 3333 550 3380 49
565 3322 763 3401 ἀναβάλλομαί
773 3349 817 3383 τοι
831 3323 860 3391 ἒς
874 3332 968 3398 τρίτην
983 3327 1092 3399 ἡμέρην
1106 3327 1342 3398 ὑποκρινέεσθαι,

164 3411 263 3477 11186,
288 3415 303 3461 2
327 3409 417 3461 ταῦτα
437 3399 476 3460 ὧν
497 3404 565 3476 ὑμῖν
584 3402 780 3480 ἀναβάλλομαι
799 3405 937 3475 κυρώσειν
957 3405 986 3470 ἐς
1003 3407 1137 3475 τέταρτον
1156 3410 1241 3477 μῆνα,
1261 3408 1343 3464 Dem,

164 3490 238 3543 1119
263 3491 348 3549 εἴτις
367 3483 446 3556 ὑμῶν
469 3485 509 3548 εἰς
531 3484 609 3542 τοῦτ’
630 3485 820 3558 ἀναβάλλεται
842 3486 973 3555 ποιήσειν
997 3483 1031 3541 τά
1055 3486 1157 3541 δέοντα
1181 3488 1229 3541 inf.
1252 3486 1344 3542 futuri

165 3571 206 3622 ita
225 3569 350 3623 excusari
369 3569 455 3635 queat
473 3569 505 3620 ut
523 3567 551 3621 in
572 3563 785 3639 ἀναβάλλεσθαι
800 3569 842 3621 vis
857 3567 1010 3637 pollicendi
1024 3568 1113 3621 latere
1129 3569 1240 3623 dicatur
1253 3571 1343 3638 (quod

164 3651 239 3702 enim
258 3649 286 3701 in
306 3647 422 3715 aliquod
441 3650 553 3715 tempus
572 3648 733 3716 differimus,
754 3649 784 3701 id
804 3649 903 3702 eodem
922 3650 1048 3716 tempore
1067 3666 1118 3703 nos
1136 3649 1260 3702 facturos
1280 3665 1342 3702 esse

163 3728 354 3798 pollicemur),
377 3731 475 3781 tamen
498 3730 613 3797 propter
632 3729 735 3782 Herod.
754 3727 793 3780 IX
812 3734 828 3782 8
852 3723 1041 3799 ἀνεβάλλοντο
1066 3724 1094 3791 ἐς
1116 3727 1167 3798 τὴν
1188 3725 1341 3797 ὑστεραίην

163 3807 373 3878 ὑποκρίνασθαι
393 3811 422 3861 et
442 3807 478 3861 Vl
497 3814 531 3861 88
551 3804 647 3862 οὐκέτι
666 3803 856 3880 ἀνεβάλλοντο
879 3804 916 3876 μὴ
937 3803 970 3861 οὐ
990 3804 1022 3862 τό
1042 3811 1099 3863 πᾶν
1119 3806 1341 3879 μηχανήσασθαι

164 3889 261 3942 dubito
281 3906 316 3941 an
334 3885 561 3957 ὑποκρίνασθαι,
586 3889 724 3956 κυρῶσαι,
748 3888 866 3955 ποιῆσαι
884 3889 1062 3944 rescribenda
1081 3889 1149 3958 sint,
1174 3890 1339 3959 praesertim

163 3984 226 4021 cum
250 3967 361 4038 μέλλειν
384 3967 470 4021 simili
496 3967 646 4021 cunctandi
670 3967 698 4021 vi
721 3967 880 4036 praeditum
904 3987 1042 4038 nusquam
1065 3970 1114 4025 inf.
1136 3971 1224 4024 futuri
1244 3987 1340 4024 secum

162 4051 274 4102 habeat.
685 4095 689 4106 .

234 4130 261 4195 2)
286 4130 370 4182 Recte
397 4129 501 4198 excipit
522 4127 549 4182 ΙΙ
572 4133 615 4195 80,
641 4134 655 4182 1
684 4126 788 4202 ρ’ᾳδίως
816 4123 852 4181 do
873 4125 1056 4198 Ἀκαρνανίαν
1081 4131 1194 4199 σχόντες
1218 4131 1266 4184 καὶ
1289 4133 1341 4200 τῆς

163 4207 316 4261 Ζακύνθου
341 4209 388 4261 καὶ
414 4210 612 4275 Κεφαλληνίας
635 4204 818 4278 κρατήσουσι,
847 4211 895 4264 ubi
919 4206 956 4264 άν
980 4212 1017 4264 ad
1040 4212 1129 4265 solum
1157 4210 1340 4280 participium

162 4284 275 4357 σχόντες
298 4288 343 4354 (τί.
368 4288 392 4339 V
417 4295 442 4355 9,
466 4295 490 4341 3.
519 4287 557 4340 Vl
581 4295 624 4356 80,
649 4292 677 4357 5)
699 4290 741 4344 ita
763 4288 887 4358 pertinet
910 4292 942 4342 ut
964 4291 1039 4344 idem
1064 4290 1234 4359 significetur
1257 4308 1290 4344 ac
1315 4293 1340 4345 si

162 4367 297 4435 scriptum
316 4368 354 4419 sit
373 4363 476 4440 ῥᾳδίως
495 4361 531 4420 dcv
550 4372 580 4421 Α.
600 4375 695 4438 σχοῖεν
715 4372 763 4424 καὶ
783 4416 789 4426 .
811 4414 816 4426 .
837 4415 843 4426 .
864 4367 1041 4439 κρατήσουσι.
1078 4368 1183 4424 Eodem
1207 4371 1290 4424 modo
1310 4372 1340 4424 in

162 4447 232 4502 Plat.
253 4448 334 4516 Apol.
353 4452 413 4498 290
437 4443 492 4516 ἤδη
517 4442 553 4500 άν
576 4445 656 4516 ὑμῶν
676 4449 705 4504 οἵ
721 4450 793 4515 υἱεῖς
813 4446 1029 4519 ἐπιτηδεύοντες
1047 4444 1065 4503 ά
1086 4448 1240 4519 Σωκράτης
1259 4451 1340 4504 διδά-
