3022 4936
606 331 824 397 ..55-

126 515 196 556 nam
219 496 299 558 idem
322 497 475 557 invenitur
496 498 528 556 in
550 498 640 558 titulo
663 498 766 558 votivo
789 498 922 558 ineuntis
946 499 1047 575 quarti
1072 498 1184 558 6666611
1203 491 1303 579 (Αθή-

127 617 214 656 ναιον
238 596 265 653 V
288 617 317 671 p.
344 591 421 674 161)
446 615 465 655 a
486 597 634 655 Foucarto
659 588 746 677 (Rev.
770 597 806 655 de
829 597 902 672 phil.
925 596 940 655 Ι
962 618 990 673 p.
1016 588 1073 678 35)
1097 598 1199 656 611616.

215 695 346 753 Nomina
368 694 490 770 propria
512 693 544 753 in
567 689 628 766 ιεύς
652 694 819 755 desinentia
842 714 909 754 cum
933 696 963 754 in
987 697 1084 754 titulis
1110 698 1180 753 6616
1203 695 1301 755 Eucli-

126 792 195 851 dem
218 792 392 852 anebontem
414 793 502 852 factis
527 794 637 869 ubique
660 794 691 851 in
715 793 864 870 genetivis
885 795 917 852 et
935 793 1113 854 accusativis
1132 795 1301 853 contractas

125 891 238 949 formas
262 891 394 950 habeant
416 883 467 970 (cf.
489 891 624 951 Dittenb.
648 892 679 949 in
702 890 805 950 Herm.
829 890 900 948 XVI
923 912 952 967 p.
978 883 1069 969 185),
1094 892 1214 950 easdem
1237 891 1301 969 Th,

126 988 210 1048 cuius
234 989 304 1047 libri
327 989 453 1062 variant,
478 989 643 1049 reddendas
667 1007 733 1049 esse
756 993 906 1065 putamus,
931 988 1109 1064 praesertim
1133 990 1318 1048 cumidem·

126 1087 166 1146 sit
187 1088 345 1162 poetarum
369 1087 570 1147 scaenicorum
597 1106 669 1147 usus
699 1079 749 1167 (cf.
773 1086 879 1145 Aesch.
903 1087 985 1146 Pers.
1010 1088 1084 1146 486.
1109 1088 1181 1145 817.
1211 1085 1300 1162 Soph.
1364 1143 1367 1148 .

125 1184 202 1244 Phil.
227 1187 255 1244 4.
279 1184 374 1243 Arist.
397 1186 474 1260 Equ.
499 1186 571 1244 815.
594 1184 651 1244 Av.
679 1186 771 1244 1040.
796 1185 865 1261 hys,
892 1187 985 1244 1169.
1009 1185 1082 1243 Ran.
1108 1176 1194 1265 694).
1240 1184 1301 1244 Ubi

127 1285 230 1342 autem
252 1281 495 1340 terminationem
517 1275 568 1352 εύς
587 1282 647 1340 6116
665 1284 756 1357 atque
775 1305 786 1340 ι
804 1282 917 1342 vocalis
935 1282 1095 1357 praecedit,
1119 1283 1300 1358 optimorum

125 1381 275 1456 sequenda
293 1383 340 1439 661
357 1379 503 1438 librorum
526 1380 699 1453 auctoritas.
736 1379 910 1440 Accusativi
933 1380 1088 1439 nominum
1109 1373 1299 1456 propriorum

124 1478 235 1538 tertiae
267 1478 474 1537 declinationis
507 1478 538 1535 in
567 1500 604 1555 ης
636 1479 667 1536 16
703 1478 801 1538 1116116
840 1481 910 1537 ante
943 1478 1099 1538 Euclidem
1135 1479 1236 1556 factis,
1274 1480 1300 1539 si

124 1571 377 1655 <Τισ>σαφρένην
401 1576 469 1636 CIA
494 1576 564 1635 64b
590 1578 640 1652 14,
665 1575 744 1652 quod
767 1594 875 1634 nomen
898 1575 1091 1652 peregrinum
1115 1579 1170 1652 est,
1194 1578 1299 1653 excipi·

123 1695 199 1749 mus,
223 1676 396 1734 constanter
418 1674 450 1732 in
473 1696 491 1752 η
517 1676 627 1734 exeunt
651 1666 700 1752 (cf.
720 1673 873 1732 Meisterh.
894 1670 913 1748 ξ
936 1676 986 1750 32,
1008 1665 1042 1753 6)
1067 1677 1097 1733 61
1119 1670 1300 1753 ἕτεροκλλτοος

122 1773 154 1832 16
173 1795 212 1851 ην
230 1775 427 1831 formatorum
446 1775 567 1848 praeter
585 1772 708 1830 titulum
725 1774 925 1831 memoratum
939 1774 1009 1831 ante
1024 1769 1070 1830 01.
1088 1774 1150 1831 100
1164 1774 1300 1848 exempla

122 1889 184 1929 non
201 1869 409 1946 inveniuntur3
433 1871 512 1945 apud
534 1871 673 1946 antiquos
693 1871 795 1928 autem
813 1871 918 1944 poetas
938 1869 1097 1947 scaenicos,
1116 1870 1299 1946 Aeschylum

123 1968 198 2046 dioc,
217 1967 401 2044 Sophoclem,
423 1967 605 2045 Euripidem,
624 1964 865 2043 Aristophanem,
885 1967 999 2025 formae
1016 1967 1049 2025 in
1067 1989 1085 2045 η
1106 1968 1188 2028 salvo
1203 1971 1299 2027 metro

122 2065 234 2141 ubique
257 2065 378 2126 restitui
402 2068 432 2124 et
454 2068 581 2140 possunt
600 2065 631 2123 et
650 2064 768 2125 dehent.
802 2062 973 2124 6166611.
994 2063 1062 2125 Cur.
1082 2066 1174 2140 epigr.
1199 2086 1226 2142 p.
1249 2070 1299 2126 24.

122 2163 188 2222 Hae
211 2164 306 2240 igitur
328 2164 400 2222 item
425 2163 489 2239 Th,
513 2162 596 2222 cuius
621 2162 692 2220 libri
715 2162 817 2221 multis
841 2163 914 2222 locis
934 2162 1061 2235 variant,
1085 2166 1154 2221 sunt
1174 2164 1298 2222 redden-

121 2261 184 2321 dae.
222 2261 432 2321 Nominativos
452 2261 605 2319 nominum
624 2261 814 2336 propriorum
832 2260 865 2318 in
883 2262 979 2338 -κλῆς,
1003 2279 1129 2336 quorum
1147 2261 1178 2321 in
1200 2263 1297 2322 titulis

121 2360 231 2419 aetatis
255 2358 464 2435 Thucydideae
489 2359 605 2418 solutae
630 2360 661 2417 et
686 2361 856 2418 contractae
879 2359 993 2417 formae
1018 2362 1154 2436 exstant,
1179 2360 1299 2420 sedita

122 2461 157 2518 ut
184 2457 256 2517 illae
283 2458 379 2515 multo
409 2457 469 2516 sint
497 2457 624 2515 rariores
654 2451 703 2536 (cf.
727 2455 860 2519 Dittenb.
887 2458 918 2515 in
941 2456 1044 2516 Herm.
1068 2457 1155 2516 XVII
1178 2480 1205 2535 p.
1231 2454 1297 2537 35),

122 2555 155 2612 16
183 2573 319 2614 sermone
346 2554 465 2630 vulgari
493 2554 683 2630 potissimum
712 2555 825 2614 solutos
855 2555 948 2615 fuisse
974 2556 1061 2615 docet
1084 2555 1197 2617 Weckl.
1221 2557 1240 2614 1.
1264 2557 1297 2633 l.;

121 2671 191 2711 nam
209 2652 451 2727 Aristophanem,
470 2653 523 2727 qui
541 2653 652 2712 habeat
670 2653 780 2729 ubique
800 2649 985 2732 Μεγακλέης,
1008 2648 1176 2730 Περικλέης,
1196 2655 1295 2729 Σοφο-

121 2745 217 2827 κλέης,
235 2742 404 2830 Ἱεροκλέης,
427 2744 598 2828 Ξενοκλέης,
623 2747 790 2829 Φιλοκλέης,
814 2753 919 2810 contra
938 2743 1086 2830 Ἡρακλῆς
1110 2745 1197 2828 (san.
1223 2753 1296 2811 282.

122 2850 195 2907 464.
221 2850 293 2908 581.
326 2847 396 2923 Lys
422 2849 494 2907 928.
528 2848 618 2924 Vesp.
644 2852 694 2909 60.
727 2848 801 2909 Ach.
826 2843 905 2929 860)
930 2853 961 2909 61
987 2849 1182 2926 Θεμιστοκλῆς
1206 2840 1295 2928 (Equ.

121 2938 201 3027 884)
231 2963 396 3004 sermonem
423 2946 581 3021 vulgarem
609 2950 745 3007 secutum
773 2966 839 3007 6666
867 2967 921 3007 666
953 2948 1080 3006 formam
1111 2947 1295 3005 contractam

120 3044 179 3104 nisi
210 3044 300 3102 metri
332 3061 423 3102 causa
454 3043 627 3103 adhibuisse
658 3045 762 3105 videri.
818 3046 903 3116 Quod
941 3047 979 3105 ad
1014 3044 1143 3119 tragicos
1177 3044 1295 3123 attinet,

122 3143 253 3201 solutam
276 3142 403 3200 formam
422 3133 589 3218 Ἐτεοκλέης
611 3141 704 3200 habet
726 3141 832 3203 Aesch.
857 3142 938 3219 Sept.
963 3145 991 3219 6,
1020 3144 1124 3201 contra
1143 3134 1296 3219 Ἐτεοκλῆς

121 3239 211 3316 Soph.
236 3237 293 3299 00.
319 3239 404 3298 1295
434 3242 464 3299 61
491 3239 602 3314 ubique
625 3231 786 3318 Ἡρακλῆς,
811 3232 964 3316 Ἐτεοκλῆς
989 3241 1059 3298 Eur.
1084 3237 1194 3298 Phoen.
1219 3240 1293 3299 433.

123 3338 333 3410 14071438,
356 3338 408 3396 sed
428 3330 595 3414 Ἐτεοκλέης
616 3339 709 3396 1372.
732 3339 825 3397 1390.
852 3338 946 3413 1587,
964 3331 1113 3414 Ἡρακλῆς
1134 3336 1221 3396 Herc.
1244 3341 1294 3397 12.

121 3437 194 3496 581.
225 3438 318 3496 1250.
350 3437 448 3512 1414,
477 3426 714 3513 6661Ἡρακλέης
742 3434 860 3495 Heracl.
890 3438 962 3496 210.
993 3434 1081 3494 Herc.
1111 3437 1188 3513 925,
1216 3437 1294 3497 unde

118 3552 264 3609 apparere
290 3534 410 3593 videtur
437 3535 492 3594 hos
520 3534 652 3593 vicissim
680 3535 780 3594 soluta
806 3535 903 3594 forma
926 3535 984 3594 nisi
1007 3535 1098 3593 metri
1122 3553 1293 3594 66666666

118 3650 189 3692 usos
217 3649 290 3690 esse.
337 3631 415 3690 Utut
442 3651 474 3691 se
502 3632 608 3707 habet,
635 3651 695 3690 non
719 3635 765 3692 est
787 3652 840 3692 cur·
864 3631 1048 3708 Thucydidis
1072 3631 1157 3689 libris
1181 3631 1294 3690 diffida-

118 3749 195 3806 mus,
217 3728 268 3805 qui
287 3731 469 3787 contractam
488 3731 615 3790 formam
634 3730 782 3790 exhibent.
820 3729 1011 3789 substantivi
1029 3721 1102 3788 έστο
1120 3731 1293 3806 genetivum

118 3847 183 3889 esse
220 3819 344 3900 έστεως,
381 3844 440 3884 666
476 3820 577 3898 ἄστεος
613 3831 644 3886 61
679 3827 907 3904 inscriptionum
948 3827 1084 3902 exempla
1126 3821 1294 3904 (Meisterh.

119 3928 210 4004 §30
236 3917 269 4005 1)
298 3926 329 3982 et
355 3925 512 3998 poetarum
540 3926 742 3985 scaenicorum
769 3945 842 3985 usus
871 3925 1010 3985 ostendit.
1057 3923 1101 3983 01.
1125 3923 1211 3983 Dind.
1236 3926 1292 3985 lex.

10 4035 13 4042 ’
120 4024 208 4100 Soph.
233 4042 256 4083 6.
280 4042 306 4081 v.
331 4023 362 4079 61
384 4019 500 4079 Usener
528 4023 559 4080 in
582 4023 690 4082 Annal.
718 4022 791 4097 phil.
817 4043 842 4081 a.
870 4025 953 4082 1873
977 4044 1006 4098 p.
1033 4024 1104 4082 159.
1150 4022 1292 4082 Dativum

117 4115 197 4201 ῆροος
219 4119 358 4180 vocabuli
382 4136 448 4178 esse
470 4112 533 4200 ῆρῳ
558 4124 589 4179 61
610 4119 720 4179 Moeris
744 4119 856 4179 iudicat
887 4111 964 4200 (ῆρω
988 4117 1076 4198 χωρὶς
1099 4122 1151 4179 τοῦ
1175 4113 1291 4181 ιἈττι-

116 4210 179 4298 κοί)
207 4219 238 4276 61
265 4217 358 4276 Arist.
386 4217 443 4278 Av.
468 4217 562 4276 1490.
594 4216 670 4275 Ρ161.
700 4235 772 4276 com.
801 4219 908 4295 fragm.
934 4220 1007 4294 174,
1033 4220 1072 4276 18
1101 4210 1160 4296 (ed.
1185 4211 1291 4298 Koch.)

117 4316 306 4391 confirmant,
330 4334 425 4375 accus.
448 4316 524 4390 plur.
549 4332 615 4374 esse
636 4308 717 4393 ῆροος
735 4313 846 4390 Phryn.
865 4334 892 4388 6.
914 4317 975 4374 158
996 4315 1068 4373 dicit
1090 4313 1180 4389 idque
1199 4315 1292 4374 habet

118 4416 225 4477 Aesch.
257 4413 315 4490 Ag.
345 4417 417 4477 516.
468 4415 557 4493 Apud
591 4414 645 4473 Th.
677 4412 771 4491 igitur
802 4411 987 4472 emendanda
1019 4414 1088 4471 sunt
1119 4405 1219 4492 ῆροοας
1247 4415 1294 4496 IV.
