3022 4936
648 346 867 412 —31-'

170 510 309 592 ἐθελῆσαι
333 506 371 573 ἂν
394 507 544 590 ἅψασθαι,
567 517 621 572 aut
642 514 864 572 rescribendum
888 514 931 586 τίς
953 509 1096 593 ἐπιστήμη
1118 518 1223 574 πασῶν
1242 515 1342 591 διαφε-

169 606 279 690 ρόντως
308 611 424 691 μεγίστη
452 605 531 690 (scil.
559 604 633 691 ἐστί)
656 634 682 671 ιι.
705 634 728 671 τ.
752 614 789 688 t,
820 631 946 688 quocum
970 615 1006 673 cf.
1031 614 1123 673 Thuc.
1148 613 1223 670 VIII
1247 616 1297 685 68,
1322 616 1340 671 3

169 706 294 787 παρέσχε
322 757 327 768 .
354 755 359 767 .
384 755 392 770 .
423 703 530 769 ἑαυτὸν
562 700 684 768 πάντων
715 703 915 786 διαφερόντως
946 705 1173 788 προθυμότατον
1206 713 1237 768 et
1263 710 1341 769 Plat.

169 807 251 867 Prot.
276 807 372 866 349d
394 801 619 885 ἀνδρειοτάτους
641 801 906 883 δὲ’ὁιαφερόντως.

729 1030 780 1099 vl.

259 1169 398 1230 Omnium
416 1172 693 1248 frequentissimum
712 1171 855 1229 vitiorum
872 1191 968 1246 genus
986 1174 1016 1232 id
1036 1174 1179 1250 estquod
1201 1173 1232 1230 in
1256 1191 1343 1232 voca-

169 1269 311 1326 bulorum
343 1271 446 1330 formis
479 1273 626 1330 versatur.
676 1269 827 1344 Imprimis
861 1273 962 1328 autem
993 1271 1025 1329 in
1055 1270 1225 1330 Atticorum
1256 1271 1343 1329 libris

169 1368 277 1425 accidit
309 1372 343 1426 ut
375 1370 573 1443 posteriorum
606 1374 776 1444 temporum
805 1369 947 1442 loquendi
974 1387 1031 1428 usu
1059 1369 1342 1428 contaminarentur.

168 1464 202 1521 lu
231 1465 329 1524 locum
346 1467 435 1525 enim
463 1468 626 1527 formarum
653 1487 723 1528 vere
751 1465 921 1525 Atticarum
953 1468 1083 1526 librariis
1116 1468 1207 1526 etiam
1238 1467 1342 1526 invitis

167 1561 320 1619 interdum
351 1583 404 1622 eae
437 1565 546 1640 quibus
578 1567 636 1641 ipsi
667 1567 825 1624 uterentur
856 1565 1005 1625 subibant.
1061 1566 1146 1635 Quod
1178 1565 1251 1624 adeo
1283 1584 1342 1622 non

168 1660 277 1718 mirum
310 1667 356 1721 est
383 1666 431 1740 ut,
465 1666 490 1722 si
517 1684 576 1722 non
603 1665 715 1722 factum
744 1664 837 1739 esset,
869 1663 972 1722 mirari
1001 1646 1161 1740 oporteret.
1212 1663 1344 1720 Tantum

167 1758 261 1834 igitur
288 1761 376 1835 abest
404 1765 439 1820 ut
466 1763 646 1821 temeritatis
675 1761 833 1820 accusandi
861 1762 922 1820 sint
950 1762 1000 1837 qui
1032 1763 1063 1820 in
1096 1764 1152 1821 hoc
1183 1779 1293 1837 genere
1326 1778 1344 1817 a

166 1857 313 1915 librorum
342 1860 523 1919 auctoritate
550 1860 748 1918 recedendum
774 1877 839 1917 esse
862 1862 984 1935 putant,
1012 1863 1047 1918 ut
1070 1879 1172 1917 eorum
1195 1860 1344 1932 vitupera·
1447 1852 1458 1868 “

168 1955 250 2012 tores
274 1955 407 2014 levitatis
432 1956 685 2016 criminemerito
714 1955 892 2020 afficiantur.
939 1957 1128 2032 Thucydides
1152 1960 1253 2015 autem
1276 1974 1343 2013 cum

168 2051 206 2106 ab
234 2051 299 2123 ipso
324 2052 493 2128 Phrynicho
521 2053 601 2111 inter
628 2052 822 2127 gravissimos
849 2055 917 2128 puri
945 2057 1035 2129 atque
1062 2055 1226 2129 incorrupti
1249 2053 1344 2111 Attici

170 2147 314 2205 sermonis
334 2153 471 2210 auctores
491 2151 661 2210 nominatus
681 2151 721 2207 sit
736 2143 838 2228 (Phot.
852 2151 923 2209 bibl.
943 2173 972 2227 p.
988 2155 1048 2211 101
1057 2153 1086 2228 b,
1101 2155 1130 2212 4.
1160 2150 1204 2208 of.
1219 2151 1343 2226 Dionys.

168 2243 237 2303 Hal.
256 2265 285 2319 p.
306 2240 394 2326 454),
418 2248 610 2324 dignissimus
630 2250 678 2306 ost
701 2248 748 2306 cui
767 2248 915 2322 genuinus
939 2250 1002 2307 eius
1026 2250 1105 2308 nitor
1129 2249 1239 2323 ubique
1257 2249 1343 2307 resti-

166 2345 280 2400 tuatur.
311 2344 376 2413 Qua
395 2347 431 2404 de
449 2368 482 2406 re
501 2366 569 2405 cum
587 2345 807 2404 Herwerdenus
826 2346 858 2404 in
876 2346 990 2405 Studiis
1010 2348 1102 2406 Thuc.
1121 2367 1149 2421 p.
1166 2347 1342 2418 111-134

166 2441 211 2498 ita
234 2441 342 2500 dixerit
365 2447 414 2521 ut,
442 2445 578 2518 quamvis
602 2443 639 2501 de
662 2443 813 2502 nonnullis
837 2448 919 2504 recte
941 2445 1127 2521 iudicaverit,
1149 2462 1209 2503 nou
1231 2445 1342 2518 ubique

166 2540 268 2597 tamen
287 2542 361 2599 satis
380 2547 518 2602 accurate
537 2547 568 2602 et
582 2545 670 2601 caute
684 2561 807 2600 munere
824 2545 962 2618 suscepto
977 2544 1097 2602 functus
1114 2562 1178 2602 esse
1193 2542 1340 2615 videatur,

165 2639 196 2694 in
224 2639 327 2698 eadem
354 2641 531 2715 inquirondo
559 2660 619 2700 non
646 2642 715 2698 acta
742 2659 789 2697 me
818 2643 955 2698 acturum
983 2661 1048 2700 esse
1075 2641 1197 2699 confido.
1245 2640 1343 2697 Multa

166 2736 287 2810 quidem
314 2739 464 2813 proferam
492 2759 569 2814 quae
597 2741 635 2797 ab
663 2738 716 2795 illo
739 2738 866 2813 aliisquo
889 2742 970 2797 recte
994 2740 1154 2799 observata
1177 2741 1261 2811 sunt,
1289 2737 1343 2794 ali-

166 2834 303 2907 quotiens
335 2839 438 2895 tamen
469 2856 569 2895 meum
603 2836 792 2911 interponere
830 2835 973 2895 iudicium
1010 2838 1120 2896 licebit.
1176 2834 1340 2911 Complura

165 2930 254 2989 buius
278 2935 398 3008 generis
422 2954 594 3011 quanquam
617 2935 677 2993 iam
700 2935 781 2991 recte
805 2933 973 2992 docuerunt
1000 2939 1117 2995 veteres
1143 2932 1340 3009 grammatici,

164 3047 223 3086 uon
246 3032 348 3090 tamen
371 3033 483 3108 ubique
507 3052 611 3091 eorum
633 3031 745 3090 iudicio
768 3032 976 3090 confidendum
999 3036 1054 3106 est,
1078 3033 1190 3107 quippe
1209 3031 1260 3105 qui
1279 3049 1338 3088 non

165 3127 264 3184 omnia
292 3130 365 3186 satis
395 3131 556 3204 diligenter
584 3129 810 3188 observaverint
838 3132 869 3187 et
892 3130 1012 3204 saepius
1035 3130 1115 3187 inter
1139 3146 1170 3186 se
1193 3129 1339 3201 pugnent.

166 3222 224 3279 Sed
248 3225 286 3281 ad
310 3244 413 3283 eorum
437 3228 603 3285 doctrinam
627 3227 686 3285 alia
714 3226 893 3300 cognitionis
923 3227 1058 3284 subsidia
1085 3225 1244 3297 accedunt,
1273 3241 1341 3280 aua-

165 3321 247 3395 logia
271 3322 333 3382 sive
356 3325 452 3398 ipsius
471 3324 594 3400 linguae
613 3325 690 3384 ratio
709 3328 801 3397 atque
820 3341 934 3398 norma,
957 3322 1166 3396 inscriptiones
1187 3321 1341 3395 scriptoris

166 3420 259 3476 aetati
282 3441 441 3497 suppares,
472 3426 629 3498 poctarum
653 3424 856 3482 scaenicorum
879 3439 968 3497 usus,
997 3421 1077 3496 apud
1105 3438 1180 3495 quos
1209 3421 1340 3478 metrum

166 3517 243 3575 veris
268 3519 370 3578 formis
393 3521 542 3595 praesidio
566 3525 640 3598 crat,
664 3523 792 3596 denique
813 3518 974 3578 universus
994 3521 1176 3594 optimorum
1196 3521 1341 3578 librorum

166 3632 327 3674 consensus
360 3619 411 3676 ubi
443 3621 524 3677 iusta
556 3621 685 3695 ratione,
717 3636 776 3677 uon
808 3617 893 3676 falsis
927 3619 1118 3677 librariorum
1151 3619 1340 3693 opinionibus

164 3710 279 3769 nititur.
319 3711 525 3774 Certissimum
544 3721 645 3776 autem
665 3715 832 3776 subsidium
853 3716 891 3772 ad
913 3715 1151 3791 cognoscendum
1175 3733 1340 3773 sermonem

164 3808 300 3867 Atticum
320 3814 351 3868 et
369 3831 455 3870 veras
475 3815 689 3874 vocabulorum
703 3815 815 3873 formas
830 3813 1015 3887 indagandas
1030 3814 1239 3888 inscriptiones
1255 3831 1339 3886 prae-

165 3907 245 3983 bent,
270 3909 327 3966 etsi
346 3909 527 3983 scriptorum
547 3912 663 3970 dicendi
681 3932 756 3971 usus
777 3928 836 3967 non
855 3911 972 3969 omnino
992 3931 1059 3969 cum
1079 3931 1182 3970 earum
1204 3928 1340 3968 sermone

164 4008 311 4082 congruit.
368 4006 476 4082 Itaque
510 4011 672 4067 maximum
703 4011 837 4068 fructum
869 4011 943 4067 haec
974 4010 1112 4091 quaestio
1144 4011 1271 4085 percipit
1303 4029 1339 4068 ex

163 4107 283 4164 illarum
308 4106 534 4165 collectionibus
557 4111 661 4165 nostra
683 4112 784 4166 aetate
807 4107 894 4166 factis
904 4101 927 4188 ¹)
955 4112 986 4166 et
1009 4128 1086 4183 quae
1110 4110 1178 4165 hinc
1201 4110 1336 4183 profecta

237 4278 263 4342 1)
293 4277 326 4330 cl
347 4305 380 4321 =
400 4278 506 4346 Corpus
534 4277 615 4330 inser.
645 4277 688 4329 ed.
717 4275 842 4341 Boeclrh,
873 4275 931 4328 CIA
951 4303 984 4320 =
1004 4276 1110 4345 Corpus
1139 4276 1220 4332 inser.
1244 4279 1339 4345 Attio,

166 4357 202 4408 ΙΑ
224 4384 258 4401 =
277 4359 360 4410 lusor.
387 4359 510 4412 Graecae
534 4357 746 4425 antiquissimae
774 4356 885 4424 praeter
909 4355 1018 4409 Atticas
1044 4356 1075 4409 in‘
1098 4358 1192 4411 Attica
1214 4361 1339 4428 repertas

165 4441 207 4492 ed.
220 4437 319 4504 ttoebl,
335 4438 379 4490 DS
391 4465 424 4481 =
436 4438 548 4507 Sylloge
563 4438 644 4492 inser.
657 4438 826 4490 Graecarum
837 4437 879 4489 cd.
888 4437 1095 4507 Ditteuberger,
1111 4437 1156 4490 OD
1165 4466 1198 4483 =
1208 4438 1338 4495 Delectus
