3022 4936
790 338 985 398 ..4-

302 499 417 557 ratione
445 499 566 574 quidem
594 519 666 558 usus
695 499 912 574 proficiscatur,
945 519 1040 576 neque
1070 506 1171 561 tamen
1199 522 1299 561 omnes
1328 504 1479 576 quotquot

246 672 249 678 .
301 595 373 672 fingi
396 599 524 672 possunt
548 597 698 672 cogitandi
722 598 854 655 rationes
879 597 994 655 dicendi
1018 618 1074 656 usu
1100 601 1319 674 exprimantur,
1347 599 1478 674 primurn

302 695 372 770 quid
397 696 540 771 scriptum
565 695 605 754 sit
629 696 780 754 sciendum
804 697 863 767 est,
890 696 996 753 deinde
1020 717 1072 755 cur
1095 699 1139 756 ita
1162 700 1305 774 scriptum
1330 699 1369 756 sit
1392 698 1476 756 inda-

270 801 273 806 '
300 791 443 868 gaudum.
489 793 568 850 Illud
592 796 693 852 autem
717 794 836 868 praeter
860 796 995 851 veterum
1018 797 1283 870 grammaticorum
1310 795 1478 854 doctrinam

300 891 420 948 aliunde
448 891 511 949 fere
539 892 678 967 cognosci
706 891 810 966 nequit
838 891 898 948 nisi
929 912 965 950 ex
996 893 1141 953 librorum
1173 915 1261 953 manu
1296 893 1478 968 scriptorum

299 991 452 1049 memoria.
489 991 532 1047 At
555 989 819 1066 grammaticorum
842 993 1002 1065 praecepta
1025 994 1122 1068 magis
1142 995 1330 1069 exipsorum
1348 992 1477 1050 arbitrio

300 1107 389 1162 quam
403 1108 439 1147 ex
454 1109 511 1147 usu
525 1089 704 1164 scriptorum
719 1087 879 1161 diligenter
893 1089 1052 1149 observato
1066 1091 1187 1150 fluxisse
1201 1091 1313 1166 dicunt,
1329 1091 1477 1149 librorum

300 1189 400 1244 autem
423 1189 634 1246 auctoritatem
657 1186 744 1244 valde
768 1185 889 1243 dubiam
913 1206 987 1247 esse.
1033 1189 1178 1263 Exempla
1203 1188 1282 1271 enim
1306 1187 1341 1247 de
1365 1187 1476 1262 quibus

298 1285 408 1358 agatur
421 1285 452 1341 in
466 1285 726 1343 terminationibus
742 1283 931 1358 potissimum
946 1288 1109 1345 consistere
1124 1306 1201 1362 quae
1215 1287 1299 1345 velut
1314 1318 1355 1326 —
1371 1303 1421 1344 σαι
1433 1317 1473 1326 -

298 1396 373 1451 σειν,
399 1414 439 1421 -
465 1386 575 1440 unctor
600 1413 640 1421 -
665 1385 771 1439 σεσθαι
798 1385 920 1456 propter
948 1384 1067 1441 errandi
1094 1385 1270 1443 facilitatem
1298 1388 1361 1442 tam
1385 1403 1475 1459 saepe

298 1496 316 1536 a
343 1480 474 1538 librariis
502 1481 691 1555 permutatae
720 1479 781 1537 sint
808 1481 843 1535 ut
873 1499 995 1554 prorsus
1023 1481 1156 1540 incertae
1186 1483 1247 1541 sint
1277 1482 1354 1542 fidei.
1404 1483 1476 1541 Non

296 1578 386 1636 nimis
414 1578 621 1637 confidendum
650 1597 716 1637 osse
745 1578 1010 1652 grammaticorum
1038 1581 1146 1639 iudicio
1173 1580 1332 1640 concedere
1355 1581 1477 1654 oportet

299 1695 394 1751 neque
419 1678 450 1734 in
473 1677 599 1751 singulis
623 1676 696 1734 locis
721 1675 861 1733 standum
886 1695 950 1734 esse
973 1677 1118 1737 librorum
1142 1679 1330 1738 auctoritate.
1366 1678 1409 1735 At
1428 1681 1477 1735 est

298 1774 418 1847 quidam
447 1775 543 1833 bonae
574 1774 683 1833 aetatis
716 1773 874 1844 librorum,
908 1774 933 1831 si
966 1776 1065 1833 omnia
1098 1780 1279 1853 spectamus,
1311 1793 1476 1834 consensus

295 1873 417 1931 minime
445 1873 663 1948 neglegendus,
692 1890 790 1946 aquo
816 1871 866 1928 ubi
890 1872 1051 1947 receditur,
1079 1873 1160 1932 iusta
1183 1874 1358 1950 suspicionis
1382 1891 1475 1931 eausa

297 1974 351 2029 est.
387 1971 464 2028 Eum
484 1990 661 2030 eonsensum
680 1971 753 2028 locis
771 1971 964 2029 numerandis
983 1971 1071 2030 facile
1089 1973 1248 2031 ostendere
1268 1973 1346 2030 licet.
1384 1971 1475 2028 Prae-

294 2072 379 2127 terea
400 2070 523 2151 maximi
547 2068 693 2128 momenti
718 2071 788 2126 sunt
812 2087 864 2126 eae
888 2067 1048 2141 verborum
1065 2070 1179 2128 formae
1207 2089 1333 2145 quarum
1355 2087 1475 2144 permu-

293 2167 372 2224 tatio
401 2167 531 2226 librariis
559 2187 619 2227 non
647 2168 743 2225 facilis
776 2169 849 2225 erat.
895 2166 957 2223 Eae
989 2168 1068 2225 enim
1102 2169 1152 2226 ubi
1184 2170 1369 2242 comparent,
1401 2166 1475 2224 libri

294 2266 456 2338 genuinam
484 2266 663 2341 scripturam
698 2284 818 2326 servare
847 2263 957 2338 solent,
989 2265 1070 2340 iique
1102 2267 1161 2323 loci
1192 2285 1247 2341 pro
1277 2265 1474 2323 fundamento

294 2362 476 2436 quaestionis
496 2362 639 2437 cuiusque
657 2361 788 2419 habendi
806 2363 884 2418 sunt.
923 2360 1066 2420 Normam
1084 2364 1180 2438 igitur
1197 2363 1234 2420 ad
1249 2382 1338 2438 quarn
1353 2362 1472 2421 dicendi

293 2479 380 2519 usum
399 2459 563 2536 dirigamus
583 2460 659 2517 hanc
679 2458 861 2517 constituere
879 2457 950 2516 licet
970 2463 1004 2518 ut
1027 2480 1103 2536 quae
1126 2463 1229 2536 paucis
1253 2463 1372 2520 tantum
1395 2460 1469 2518 locis

293 2562 413 2634 praeter
428 2576 613 2627 communem
632 2557 778 2615 librorum
797 2574 971 2614 consensum
991 2557 1182 2617 inveniantur
1200 2578 1297 2634 neque
1315 2560 1347 2616 in
1365 2557 1471 2616 formis

295 2657 332 2716 ad
356 2658 532 2715 mutandum
559 2655 730 2714 difficilibus
759 2659 924 2730 appareant
949 2655 1109 2714 reicienda·
1127 2676 1192 2716 esse
1221 2674 1406 2727 censeamus,
1435 2674 1472 2711 ea

294 2759 395 2815 autern
423 2775 478 2830 pro
506 2774 576 2814 vere
604 2753 724 2812 traditis
753 2754 933 2828 accipiamus
956 2754 987 2810 in
1010 2754 1118 2829 quibus
1142 2755 1333 2814 librariorum
1355 2754 1473 2810 incuria

181 2841 211 2856 N
294 2857 425 2912 erratum
452 2872 518 2911 esse
540 2873 599 2911 non
621 2851 709 2909 facile
733 2852 823 2909 liceat
845 2851 986 2926 cogitare.

383 2949 561 3010 Observatio
589 2967 648 3024 qua
675 2948 821 3023 Madvigii
850 2949 1030 3006 sententiam
1061 2949 1264 3007 confirmatmi
1296 2967 1398 3006 sumus
1430 2951 1469 3006 ad

294 3049 450 3108 enuntiata
478 3050 594 3123 spectat
621 3046 836 3105 condicionalis
864 3065 940 3121 quae
967 3065 985 3104 a
1013 3048 1105 3106 verbo
1129 3046 1245 3106 dicendi
1269 3051 1321 3105 aut
1343 3046 1469 3122 putandi

291 3148 449 3224 pendeant.
487 3146 621 3215 Quorum
644 3146 741 3203 multa
764 3144 808 3203 ita
831 3150 1003 3219 comparata
1027 3150 1097 3205 sunt
1120 3150 1154 3205 ut
1172 3140 1211 3204 dv
1229 3145 1386 3217 infinitivo,
1408 3144 1468 3200 nisi

291 3248 317 3305 is
341 3247 437 3305 futuri
460 3245 604 3321 temporis
629 3243 676 3316 sit,
700 3244 836 3302 additum
859 3262 924 3303 esse
948 3249 1093 3320 oporteat.
1130 3247 1175 3304 Ac
1198 3245 1326 3319 primum
1349 3241 1467 3318 quidem

292 3343 470 3402 monendum
499 3347 546 3400 est
573 3335 612 3400 dr
638 3341 670 3398 in
699 3343 862 3401 enuntiatis
895 3344 1015 3402 aliunde
1048 3343 1246 3419 pendentibus
1279 3343 1374 3399 locum
1408 3359 1467 3397 non

291 3444 411 3516 habere,
434 3440 492 3498 nisi
515 3439 553 3496 ad
574 3438 667 3497 verba
686 3438 803 3497 dicendi
821 3440 947 3514 putandi
966 3441 1113 3499 sentiendi
1134 3441 1312 3516 pertineant,
1336 3438 1467 3495 alienum

291 3557 358 3597 esse
381 3537 419 3595 ab
443 3537 479 3594 iis
503 3554 580 3610 quae
601 3535 683 3592 aliud
702 3535 827 3593 verbnm
847 3541 1019 3611 sequantur.
1056 3537 1210 3596 Sentiendi
1232 3539 1333 3594 autem
1356 3536 1467 3611 verbis,

291 3637 348 3694 nisi
378 3655 445 3693 cum
473 3627 517 3692 ὅτι
543 3633 592 3692 vel
621 3623 661 3702 ὦς
688 3632 868 3707 iunguntur,
901 3633 1105 3710 participium,
1138 3633 1263 3709 putandi
1292 3638 1323 3692 61
1351 3634 1467 3691 dicendi

291 3733 390 3792 verbis
423 3730 588 3790 infinitivus
621 3731 709 3803 aptus
743 3733 797 3788 est.
852 3727 1007 3790 Eiusmodi
1039 3733 1208 3808 enuntiata,
1241 3733 1267 3790 si
1304 3733 1466 3790 condicioni

291 3831 425 3890 subiecta
449 3831 519 3888 sunt
541 3846 618 3903 quae
641 3827 720 3885 nudo
744 3828 878 3902 optativo
902 3831 1088 3905 enuntiatur,
1117 3824 1156 3888 dv
1178 3831 1327 3906 particula
1349 3831 1380 3888 in
1403 3830 1466 3887 infi-

290 3928 393 3988 nitivis
421 3927 587 4002 praesentis
616 3928 647 3983 et
674 3925 779 3983 aoristi
806 3945 907 3984 carere
934 3929 1108 4003 plerumque
1138 3947 1198 3988 non
1219 3945 1307 4003 posse
1331 3929 1467 4002 exempla

290 4027 405 4084 docent.
443 4023 519 4081 Sunt
544 4026 644 4081 autem
668 4022 755 4080 haec:
779 4021 795 4079 I
820 4026 870 4100 10,
896 4028 914 4084 2
939 4025 1188 4104 Λακεδαιμονίων
1210 4018 1268 4104 γὰρ
1291 4024 1318 4083 εἰ
1338 4018 1358 4102 ἡ
1382 4020 1466 4096 πόλις

290 4121 472 4201 ἔρημωθείη,
501 4120 637 4197 λειφθείη
666 4115 698 4178 δὲ
725 4114 761 4178 roi
788 4141 817 4180 τε
845 4115 909 4200 ἱερὰ
936 4120 987 4181 καὶ
1013 4125 1066 4201 τῆς
1093 4117 1330 4200 novacaesariensi
1354 4114 1465 4200 ἐδάφη,

289 4213 402 4297 πολλὴν
429 4212 468 4278 dv
497 4211 578 4297 οἶμαι
607 4211 744 4277 intartae
770 4221 822 4296 τῆς
848 4212 1001 4298 δυνάμεως
1026 4268 1059 4281 ..
1083 4214 1173 4297 εἶναι,
1202 4224 1254 4295 57,
1278 4225 1296 4281 5
1326 4221 1464 4298 νομίζων,

291 4319 317 4378 εἰ
339 4313 474 4396 ξύμμαχοι
497 4320 587 4377 ταῦτα
610 4315 670 4395 ἔχοι
695 4358 745 4390 ..,
775 4316 849 4401 ῥᾷον
875 4311 914 4378 clv
940 4313 992 4380 τὸν
1016 4314 1146 4399 πόλεμον
1168 4310 1229 4399 μετ’
1257 4313 1355 4380 αὐτῶν
1377 4323 1467 4379 ποιεῖ-

712 4407 766 4432 ’,Ι

289 4423 376 4491 σθαι,
407 4419 479 4492 136,
503 4418 522 4473 4
551 4413 665 4474 ἐκεῖνον
693 4414 711 4472 d
746 4438 799 4490 αν,
829 4416 855 4474 εἰ
877 4415 978 4495 dadolo
1002 4413 1105 4494 αὐτόν,
1129 4464 1162 4479 ..
1187 4419 1332 4497 σωτηρίας
1354 4411 1393 4476 ἂν
1415 4420 1466 4495 τῆς
