3022 4936
645 341 865 402 ..17-

255 492 349 575 Quod'
363 509 398 564 ut
421 505 458 563 ab
478 505 558 564 omni
575 507 662 579 parte
681 503 881 576 confirmetur,
904 507 999 562 restat
1021 506 1055 562 ut
1074 505 1110 562 de
1130 524 1165 562 eo
1184 505 1341 580 participio

163 604 331 678 praesentis
356 604 472 662 dicatur
494 602 573 678 quod
597 622 651 678 pro
669 602 766 660 futuri
784 601 940 676 participio
961 619 1026 660 esse
1045 621 1063 659 a
1082 602 1232 661 nonnullis
1253 605 1339 676 puta·

164 704 222 759 tur.
264 701 336 759 Eius
362 699 496 777 exempla
520 701 600 776 apud
619 699 824 776 Thucydidem
847 700 919 758 haec
943 700 1050 759 babes:
1074 701 1088 758 Ι
1115 704 1185 775 116,
1212 705 1228 759 1
1255 701 1288 760 αἱ
1309 694 1338 758 δ’

165 796 213 857 lul
241 799 318 858 Xc'ov
346 796 395 857 καὶ
424 795 545 876 Λέσβον
574 791 691 880 (έτυγον
719 790 881 875 οίγύμεναι)
913 793 1171 876 περιαγγέλλουσαι
1203 799 1342 876 βοηθεῖν,

167 898 244 971 128,
270 898 288 955 6
313 893 426 974 έπεμψε
449 892 481 954 δέ
506 893 557 955 καὶ
583 889 738 973 ἐπιστολὴν
765 889 816 955 τὸν
838 888 990 974 Γογγύλον
1019 892 1146 973 φέροντα
1174 890 1267 980 αύτῷ,
1296 896 1341 955 ΙΙΙ

167 997 219 1066 52,
240 996 257 1051 2
282 990 465 1073 προσπέμπει
488 988 520 1052 δέ
544 986 644 1064 αὐτοῖς
667 986 781 1070 κη’ρυιια
800 989 930 1072 λέγοντα,
953 992 997 1051 IV
1017 995 1068 1068 85,
1090 999 1105 1053 1
1127 987 1145 1071 ἡ
1166 990 1219 1071 μέν
1238 992 1342 1070 έκπεμ-

165 1091 219 1167 ψίς
242 1114 301 1169 μου
396 1087 547 1171 γεγένηται
570 1083 624 1168 τὴν
647 1089 743 1149 αἰτίαν
767 1084 995 1167 έπαληθεύουσα
1018 1082 1057 1167 ἣν
1080 1138 1132 1152 ...
1154 1091 1342 1169 προείπομεν,

163 1182 337 1267 Ἀθηναίοις
355 1186 580 1267 ἐλευθεροῦντες
598 1180 651 1266 τὴν
665 1181 794 1247 Ἑλλάδα
813 1182 999 1265 πολεμήσειν,
1018 1188 1127 1263 V188,
1149 1191 1190 1248 10
1209 1185 1344 1267 πρέσβεις

165 1283 290 1364 πέμπειν
318 1284 349 1358 ές
376 1279 574 1367 Συρακούσας
601 1280 781 1362 κωλύοντας,
813 1286 872 1343 VII
901 1288 930 1362 3,
961 1290 976 1344 1
1012 1279 1129 1364 κήρυκα
1162 1283 1343 1364 προσπέμπει

167 1378 266 1456 αὐτοῖς
289 1381 418 1463 λέγοντα,
443 1387 495 1462 25,
520 1389 537 1445 9
562 1382 701 1462 έπεμψαν
725 1431 731 1443 .
752 1439 758 1450 ,
780 1431 786 1444 .
811 1381 945 1463 πρέσβεις
970 1428 1030 1444 ...
1053 1377 1254 1464 ἀγγέλλοντας,
1300 1383 1344 1443 Of.

167 1485 277 1545 Herod.
305 1485 320 1542 I
350 1487 390 1544 69
421 1481 528 1560 έπεμπε
557 1480 586 1554 ές
615 1476 757 1561 Σπάρτην
786 1474 929 1560 ἆγγέλους
958 1476 1039 1560 δῶρά
1067 1503 1096 1540 τε
1123 1479 1268 1559 φέροντας
1294 1479 1343 1540 καὶ

168 1580 365 1660 δεησομένους
388 1581 561 1660 συμμαχίης,
586 1580 675 1655 Soph.
698 1580 746 1638 Αἰ.
773 1582 843 1640 781»
857 1577 963 1658 πέμπει
986 1601 1020 1658 με
1040 1577 1086 1640 σοὶ
1110 1576 1238 1657 φέροντα
1260 1573 1342 1638 τάσδ’

169 1673 334 1755 έπιστολύς,
364 1680 427 1738 827
457 1676 578 1756 πέμψον
603 1671 658 1735 τιν’
684 1668 755 1753 ἡμῖν
778 1670 902 1757 ῶγγελον
924 1670 1020 1754 κακὴν
1044 1672 1134 1753 φύσιν
1160 1710 1197 1720 —
1225 1670 1344 1759 Τεύκρῳ

168 1773 311 1854 φέροντα,
338 1777 409 1836 Eur.
434 1777 537 1853 Suppl.
562 1777 627 1847 120
654 1768 775 1845 τούτους
803 1769 955 1847 θανόντας
982 1765 1079 1854 ἦλθον
1104 1773 1224 1847 ἐξαιτῶν
1247 1769 1344 1845 πόλιν,

167 1875 212 1934 ΕΙ,
243 1877 328 1933 1024
363 1873 408 1933 τιεί
441 1871 494 1951 μέν
526 1867 638 1942 πόλεως
666 1865 775 1931 ἅλωσιν
803 1867 959 1950 ἐξιώμενος
992 1906 1032 1914 -
1066 1866 1085 1950 ἢ
1119 1868 1193 1951 δῶμ’
1226 1864 1346 1949 ὀνήσων

168 1959 257 2028 τᾶλλα
284 1963 310 2028 τ’
336 1965 474 2030 έκσῶσων
501 1967 588 2029 τέκνα
612 2000 652 2008 -
678 1966 789 2027 ἔκτεινα
817 1972 934 2028 πολλῶν
957 1969 1027 2047 μίαν
1050 1964 1140 2047 ὅπερ,
1169 1971 1279 2029 Phoen.
1303 1971 1343 2027 81

170 2060 226 2145 έγῶ
252 2060 279 2123 δ’
302 2065 364 2144 έριν
387 2059 490 2128 λύουσ’
517 2057 711 2126 ὑπόσπονδον
734 2069 833 2142 μολεῖν
853 2097 894 2106 -
914 2064 1014 2126 έπεισα
1037 2064 1122 2126 παιδὶ
1145 2066 1248 2142 παῖδα,
1271 2067 1345 2126 Xan.

169 2164 248 2222 Hist.
274 2163 323 2224 Gr.
348 2165 408 2223 VII
435 2170 461 2242 1,
487 2168 528 2224 13
559 2156 599 2235 ῶς
626 2159 674 2221 ε’πὶ
702 2165 762 2233 τοῖς
785 2163 860 2234 ἴσοις
882 2160 932 2221 καὶ
955 2155 1067 2241 ὁμοίοις
1089 2158 1174 2240 ἥκοις
1196 2156 1250 2241 τὴν
1273 2179 1347 2239 συμ-

170 2261 277 2339 μαχίαν
309 2255 503 2340 ποιούμενος,
535 2262 613 2320 Plat.
646 2259 727 2321 Prot.
764 2263 853 2320 3220
881 2253 995 2338 Ἑρμῆν
1026 2257 1132 2338 πέμπει
1164 2255 1274 2340 ίίγοντα
1306 2258 1347 2330 εἰς

168 2353 351 2437 ἀνθρώπους
380 2360 455 2420 αι’δῶ
487 2381 515 2419 τε
547 2356 597 2418 καὶ
630 2357 731 2434 δίκην,
756 2359 916 2442 1Ευλλογμὴ
946 2362 992 2418 8c
1018 2352 1115 2418 πάντα
1147 2361 1265 2419 ποιοῦσι
1297 2354 1348 2416 καί

169 2453 286 2536 λέγουσι
309 2452 468 2538 φεύγοντες
491 2451 546 2536 την
570 2456 663 2533 δίκην.
674 2448 698 2535 ¹)
736 2455 882 2516 Praesens
902 2457 1000 2531 ipsum
1020 2461 1106 2516 extra
1124 2476 1241 2517 omnem
1260 2455 1347 2513 dubi-

169 2555 314 2613 tationem
343 2559 402 2632 est,
436 2560 467 2615 et
495 2559 609 2614 temere
637 2554 849 2630 grammaticos
877 2555 1009 2614 Batavos
1038 2557 1150 2615 talibus
1181 2555 1254 2613 loeis
1284 2554 1346 2610 ubi·

169 2672 285 2728 cunque
307 2653 396 2712 facile
419 2654 484 2712 fieri
507 2655 608 2730 potest
629 2652 765 2711 futurum
790 2653 955 2710 rescribere
979 2656 1010 2711 et
1032 2658 1189 2728 poctarum
1214 2650 1348 2725 exempla

171 2751 279 2809 docent
302 2752 464 2827 inquibus
488 2769 631 2827 praesens
654 2753 750 2809 metro
775 2749 946 2808 defenditur
968 2752 999 2808 et
1022 2751 1135 2810 formae
1154 2750 1258 2826 quales
1278 2752 1349 2807 sunt

170 2844 298 2924 φέροντα
326 2840 499 2927 φεύγοντες,
534 2867 609 2924 quae
637 2866 673 2905 ex
700 2848 803 2906 futuro
831 2851 915 2906 ortae
944 2866 1008 2906 esse
1038 2850 1157 2908 omnino
1186 2848 1348 2921 nequeunt.

171 2946 297 3005 Accedit
323 2946 439 3022 antiqui
463 2947 546 3005 tituli
569 2945 665 3004 Attici
688 2946 856 3020 exemplum
880 2945 911 3002 in
934 2945 1123 3022 Dittenberg.
1162 2946 1237 3022 Syll.
1260 2945 1349 3002 inser.

173 3041 222 3100 Gr.
251 3064 279 3101 11.
309 3047 359 3123 13,
388 3047 428 3103 23
459 3039 633 3122 <κήρυκα>ς
662 3038 694 3100 δὲ
724 3037 846 3119 ἑλομένη
878 3033 897 3118 ἡ
931 3036 1025 3119 βουλὴ
1059 3037 1203 3120 πεμψύτω
1237 3038 1267 3111 ές
1299 3034 1350 3110 τὰς

171 3133 271 3209 πόλεις
293 3132 571 3218 ἆ<γ>γέλλον<τ>ας
594 3134 683 3216 <τύδε
705 3132 762 3216 τδι>
790 3136 980 3215 ἐψηφισμένα
1008 3142 1047 3223 τῷ
1076 3132 1171 3217 δήμῳ.
1218 3138 1276 3196 Sed
1299 3139 1347 3195 his

172 3239 245 3297 locis
265 3237 403 3296 omnibus
421 3237 612 3313 participium
631 3238 798 3310 praesentis
817 3256 878 3294 non
896 3237 1081 3312 profuturo,
1105 3236 1159 3295 sed
1181 3235 1217 3295 de
1241 3238 1349 3293 conatu

171 3337 285 3394 dictum
305 3338 360 3409 est,
384 3335 462 3410 quod
481 3334 645 3393 clarissime
664 3332 740 3390 Plat.
760 3333 914 3410 Euthyph.
935 3337 981 3393 8ο
1000 3334 1139 3410 ostendit,
1161 3334 1212 3392 ubi
1230 3336 1349 3393 verten-

172 3435 242 3492 dum
271 3434 330 3492 est:
362 3426 472 3491 ‘omnia
499 3432 613 3491 faciunt
641 3434 672 3489 et
700 3429 802 3489 dicunt
830 3450 956 3506 poenam
987 3432 1155 3508 effugere
1179 3435 1349 3491 conantes

172 3532 236 3591 sive
261 3524 475 3591 studentes'.
521 3531 566 3589 De
594 3530 662 3589 aliis
688 3529 855 3606 participiis
878 3531 1044 3604 praesentis
1069 3531 1106 3588 de
1129 3534 1237 3590 conatu
1261 3530 1349 3589 dictis

172 3630 207 3688 cf.
238 3629 328 3687 Thuc.
356 3628 371 3685 I
400 3630 451 3703 35,
480 3631 508 3688 5.
546 3628 592 3686 ΙΙΙ
623 3630 672 3704 18,
703 3632 718 3686 1
749 3627 851 3702 ibique
884 3628 950 3686 adn.
982 3630 1013 3686 et
1040 3628 1115 3688 Plat.
1145 3628 1227 3688 Prot.
1257 3630 1350 3687 317a

174 3720 431 3803 ἀποδιδράσκοντα
455 3719 494 3804 μὴ
519 3720 673 3785 δύνασθαι
695 3718 873 3802 ἀποδρᾶναι.

173 3879 205 3932 ll.
220 3877 272 3931 XII
286 3883 346 3931 407.
361 3879 411 3930 XV
426 3883 486 3932 289.
502 3876 552 3931 Od.
567 3878 606 3930 ΙΙΙ
622 3883 682 3930 319.
705 3876 793 3930 Immo
804 3877 912 3931 duobus
922 3877 1123 3946 posterioribus
1138 3877 1208 3930 locis
1221 3876 1257 3930 ad
1272 3894 1350 3945 prae-

174 3959 287 4013 teritam
305 3958 424 4012 refertur
443 3960 488 4025 (de
508 3957 560 4011 Od.
579 3957 618 4011 Ill
636 3963 688 4010 319
707 3958 743 4010 cf.
759 3974 843 4026 supra
857 3977 883 4027 p.
899 3964 925 4024 3,
941 3960 980 4026 1);
1000 3958 1031 4012 ll.
1046 3956 1098 4009 XII
1112 3962 1163 4009 407
1184 3960 1278 4010 autem
1293 3956 1350 4010 edi-

174 4040 251 4091 tores
265 4038 338 4090 male
354 4033 468 4090 ἐέλπετο
483 4037 565 4092 alteri
576 4036 730 4106 scripturae
741 4032 852 4092 ἐέλδετο
864 4038 1064 4106 praetulerunt.
1083 4035 1167 4105 Apud
1177 4035 1257 4090 Pind.
1268 4035 1349 4106 Pyth.

176 4118 213 4170 lV
222 4123 273 4170 243
284 4119 428 4186 postidem
437 4119 552 4171 verbum
563 4118 619 4171 iam
629 4116 805 4171 Hermannus
816 4116 978 4187 πράξεσθαι
986 4135 1037 4186 pro
1045 4111 1209 4184 πράξασθαι
1218 4116 1349 4172 restituit.

250 4198 275 4264 1)
300 4196 394 4251 Etiam
419 4198 494 4268 apud
517 4197 686 4267 posteriores
711 4198 859 4266 scriptores
881 4197 928 4251 hic
946 4216 1012 4250 usus
1029 4194 1178 4252 invenitur.
1218 4197 1257 4251 cf.
1278 4197 1353 4255 Plut'

176 4277 238 4331 Nic.
259 4283 301 4330 26.
326 4277 479 4332 Woelfflini
503 4279 566 4332 adn.
590 4278 651 4333 erit.
671 4279 706 4331 ad
725 4279 857 4348 Polyaen.
877 4297 905 4346 p.
923 4276 1048 4332 XXXIV.
1067 4278 1140 4346 Berg
1158 4309 1191 4316 -
1211 4277 1246 4332 de
1265 4280 1350 4347 parti-

175 4357 244 4426 cipii
262 4360 420 4426 temporum
438 4376 490 4429 risu
509 4358 654 4427 Appianeo
680 4357 800 4426 (dissert.
819 4359 906 4411 Bonn.
927 4373 952 4412 a.
973 4361 1052 4428 1884)
1072 4377 1099 4427 p.
1118 4363 1153 4411 45
1164 4375 1223 4426 sqq.
1263 4359 1298 4410 Et
1316 4376 1352 4412 ne

176 4456 193 4490 a
213 4437 302 4491 latino
321 4437 432 4504 quidem
453 4456 579 4492 sermone
604 4439 712 4493 alienus
736 4441 785 4492 est.
824 4437 865 4491 ef.
885 4435 1039 4492 Weissenb.
1064 4440 1100 4491 ad
1121 4437 1180 4492 Liv.
1200 4437 1264 4490 XXI
1282 4445 1307 4505 6,
1326 4446 1351 4494 2.

232 4535 324 4587 Srnnn,
340 4536 432 4584 Quaest,
449 4548 520 4585 grem.
977 4550 979 4553 ·
1122 4533 1142 4579 2
