3022 4936
666 342 861 403 -7..

176 507 229 564 ubi
243 506 339 566 oratio
359 511 441 567 recta
457 501 496 584 ήν
514 527 557 587 πή
576 503 626 565 καὶ
640 505 713 589 δοκῇ
729 499 857 565 δυνατόν
872 498 947 565 εἶναι
961 509 1050 584 σχεῖν,
1069 499 1233 566 ἆποκνοῦσι
1246 509 1348 582 postu·

174 606 226 662 lat.
273 603 329 662 Hie
356 605 450 681 igitur
479 606 595 664 duabus
623 605 659 662 de
688 605 785 663 causis
813 599 853 663 dv
876 605 981 663 abesse
1005 604 1101 663 debet.
1149 603 1233 672 Quod
1257 605 1350 680 igitur

174 703 220 760 his
245 703 316 762 Iocis
340 723 377 767 ne
401 705 497 764 oratio
521 703 641 779 quidem
664 705 746 761 recta
768 703 799 760 in
823 702 946 778 epodosi
973 695 1012 760 dv
1040 702 1187 775 admittit,
1217 702 1296 760 idern
1319 703 1351 761 ln

173 801 290 875 reliqua
322 802 424 861 omissi
459 796 498 860 dv
530 802 666 875 exempla
696 800 788 860 valet.
844 800 1021 860 Adscribam
1054 818 1090 859 ea
1121 801 1152 858 in
1184 800 1349 859 orationem

173 900 286 956 rectam
309 917 467 959 conversa:
494 898 539 957 IV
563 901 590 971 3,
617 901 635 957 3
659 897 767 957 πολλαί
790 896 864 956 εἰσιν
886 891 975 974 ίίκραι
998 890 1103 974 ἐρήμοι
1125 901 1176 975 τῆς
1200 900 1349 958 Πελοπον-

173 988 278 1072 νήσου,
301 991 341 1073 ἥν
364 991 505 1074 βούληται
527 990 761 1073 καταλαμβάνων
781 987 836 1071 τήν
853 988 941 1053 πόλιν
960 993 1108 1073 δαπανᾶν,
1133 996 1192 1054 VII
1212 999 1240 1073 6,
1262 999 1277 1054 1
1300 992 1347 1054 καλ

173 1084 212 1167 ήν
236 1089 343 1153 ἐκεῖνοι
366 1088 405 1172 μή
430 1091 553 1155 ἐθέλωσι
576 1088 669 1172 μάχης
692 1087 802 1170 όρχειν,
825 1085 989 1171 ἀναγκαῖον
1012 1085 1110 1164 αὐτοῖς
1134 1090 1212 1152 ἐστιν
1235 1088 1273 1171 μή
1297 1114 1348 1152 πε-

173 1192 277 1266 ριορᾶν
300 1186 614 1270 παροικοδομοόμενον
636 1185 668 1251 τὸ
691 1196 792 1269 τεῖχος.

263 1287 398 1347 Similem
416 1290 477 1349 vim
496 1293 586 1366 atque
605 1282 658 1348 ἐόν
681 1306 748 1345 eum
772 1287 960 1348 coniunctiro
984 1289 1076 1348 habet
1099 1289 1125 1348 εἰ
1146 1310 1215 1349 cum
1237 1291 1346 1349 indica·

172 1387 235 1444 tivo
264 1387 365 1447 futuri.
418 1389 587 1448 Infinitivus
615 1387 711 1445 futuri
738 1387 769 1445 in
796 1387 951 1445 enuntiato
980 1406 998 1445 a
1026 1388 1117 1446 verbo
1146 1391 1272 1464 putandi
1299 1390 1348 1450 rel

173 1484 288 1542 dicendi
315 1487 463 1560 pendente
492 1487 627 1563 sequitur
649 1485 696 1542 III
723 1488 773 1558 32,
803 1487 831 1544 2.
864 1483 908 1542 IV
934 1487 1005 1557 120,
1035 1487 1053 1544 3
1084 1478 1165 1566 (cum
1194 1487 1347 1562 Kruegero

171 1581 203 1641 εἴ
219 1603 248 1641 τε
270 1573 424 1660 τεθήσεται
446 1586 606 1661 legandum
631 1577 691 1663 est)
721 1581 794 1640 VIII
820 1584 870 1654 86,
896 1584 913 1640 λ
944 1582 1071 1658 aliisque
1100 1584 1186 1659 locis,
1213 1577 1252 1642 dv
1279 1604 1346 1643 cum

170 1680 222 1738 inf.
246 1699 342 1755 praes,
365 1683 434 1740 hoc:
463 1682 506 1739 VI
531 1684 582 1760 34,
607 1685 624 1740 2
656 1680 683 1740 εί
708 1673 776 1739 τόδε
798 1674 992 1757 προήσονται,
1021 1672 1078 1739 κόν
1101 1685 1185 1757 σφεῖς
1208 1679 1241 1740 ἐν
1262 1674 1345 1764 πόνῳ

171 1770 255 1836 εἶναι.
301 1777 462 1838 Diversum
489 1782 591 1838 autem
620 1783 666 1838 est
689 1778 763 1836 VIII
787 1779 839 1853 45,
863 1779 881 1836 5
910 1770 961 1848 τὰς
990 1771 1017 1837 δ’
1046 1772 1135 1850 ἄλλος
1162 1772 1260 1851 πόλεις
1287 1777 1345 1857 ἐφη

172 1870 287 1936 ἀδικεῖν
311 1922 317 1934 .
337 1919 357 1950 .,
386 1876 412 1935 εἰ
438 1870 477 1954 μή
506 1873 554 1934 καὶ
578 1879 634 1934 νῦν
656 1878 782 1935 τοσαῦτα
805 1920 812 1933 .
832 1921 839 1934 .
863 1869 1057 1951 ἐθελήσουσιν
1080 1872 1221 1952 ἐσφέρειν.
1268 1877 1346 1935 Nam

172 1993 239 2033 cum
272 1975 361 2032 urbes
394 1972 549 2047 pecuniam
578 1991 639 2029 non
669 1972 740 2030 dare
767 1977 890 2048 paratae
919 1973 991 2047 sint,
1025 1974 1076 2031 sed
1104 1975 1259 2048 postulent
1286 1967 1345 2054 (4),

170 2090 277 2132 revera
308 2066 420 2128 iniuste
447 2070 506 2127 iam
539 2073 647 2147 agunt,
679 2088 738 2145 qua
767 2070 877 2129 iniuria
908 2070 1067 2143 desistent,
1099 2072 1124 2129 si
1157 2072 1345 2132 contribuere

170 2168 329 2229 voluerint.
379 2167 484 2242 Itaque
517 2168 596 2242 quod
628 2167 737 2226 iniuste
766 2172 861 2244 agunt
892 2187 952 2226 non
984 2169 1103 2228 omnino
1136 2170 1173 2227 ab
1208 2170 1346 2245 apposita

169 2267 338 2327 condicione
361 2266 557 2341 repetendum
580 2269 635 2343 est,
659 2267 711 2326 sed
732 2270 851 2341 praeter
874 2286 940 2326 eam
964 2267 1056 2326 etiam
1079 2267 1138 2327 vim
1162 2268 1262 2326 habet.
1300 2267 1345 2328 cf.

169 2365 213 2422 VI
234 2366 284 2440 80,
305 2367 323 2424 3
344 2357 552 2443 μαρτυρόμεθα
571 2357 641 2441 ἅμα,
665 2363 692 2424 εί
713 2356 752 2442 μή
776 2365 923 2444 πείσομεν,
947 2360 991 2426 ότι
1013 2359 1268 2444 ἐπιβουλευόμεθα
1291 2363 1344 2442 μὲν

169 2456 227 2522 ὑπὸ
252 2455 363 2522 Ἰαόνων
391 2455 438 2521 ἆελ
463 2462 624 2541 πολεμίων,
652 2458 858 2542 προδιδόμεθα
886 2461 918 2523 δὲ
945 2457 1005 2524 δπδ
1029 2458 1113 2541 ὑμῶν
1136 2466 1254 2542 Δωριῆς
1278 2466 1342 2524 Δω-

169 2556 265 2638 ριέων.
273 2552 299 2641 ¹)
338 2560 436 2619 Aliter
455 2555 647 2621 iudicandum
666 2565 714 2621 est
731 2563 768 2620 de
787 2560 831 2618 VI
850 2565 901 2636 87,
922 2564 941 2620 4
962 2555 1011 2621 διδι
1030 2555 1061 2621 τδ
1085 2559 1203 2640 ἑτοίμην
1226 2555 1344 2622 ὑπεῖναι

169 2656 273 2718 ἐλπίδα
299 2661 339 2743 τῷ
367 2655 421 2737 μὲν
447 2651 611 2737 ἆντιτυχεῖν
638 2656 808 2736 ἐπικουρίας
831 2652 886 2736 ἀφ’
911 2651 1010 2736 ήμῶν,
1037 2655 1077 2742 τῷ
1102 2656 1149 2735 δέ,
1178 2660 1204 2719 εἰ
1225 2654 1343 2737 ἥξομεν,

168 2753 208 2833 μή
237 2749 321 2827 ἀδεὲς
349 2748 423 2815 εἶναι
456 2750 513 2836 (sic
540 2759 701 2833 legendum
730 2775 794 2817 esse
822 2761 896 2832 puto
924 2757 1022 2816 deleto
1050 2752 1237 2818 κινδυνεύειν
1264 2760 1343 2834 quod

168 2847 327 2934 sequitur).
369 2855 448 2913 Nam
467 2855 607 2916 infinitivi
624 2876 683 2916 non
707 2874 726 2913 a
748 2858 814 2914 tota
836 2854 985 2914 locutione
1007 2847 1126 2914 ὑπεῖναι
1149 2852 1251 2914 ἐλπίδα
1274 2875 1343 2931 pen-

168 2952 254 3028 dent,
281 2952 333 3012 sed
356 2952 432 3011 nihil
455 2953 513 3012 nisi
536 2956 715 3013 sententiam
740 2954 922 3016 substantivi
945 2951 1048 3013 ἐλπίδα
1071 2953 1115 3011 ita
1137 2954 1286 3028 complent
1310 2957 1344 3013 ut

166 3049 198 3107 id
235 3049 333 3124 ipsum
366 3050 445 3126 quod
481 3055 618 3126 speretur
654 3052 738 3110 nulla
775 3052 835 3110 alia
865 3050 981 3108 ratione
1013 3050 1118 3108 habita
1149 3051 1343 3126 significetur.

169 3146 267 3216 Quare
291 3143 370 3218 ἐλπίς
393 3144 451 3206 ἐστι
474 3150 610 3225 σωθῆναι
630 3150 702 3207 Eur.
721 3148 771 3208 Or.
793 3151 854 3208 779
879 3147 993 3222 pariter
1016 3146 1125 3205 dieitur
1148 3151 1238 3222 atque
1261 3145 1342 3220 ἐλπίς

169 3241 228 3303 ἐστι
247 3243 397 3321 σωτηρίας.
436 3244 580 3304 Similiter
599 3240 676 3317 εἰκός
694 3242 752 3305 ἐστι
775 3245 854 3320 apud
874 3244 1080 3320 Thucydidem
1103 3263 1200 3319 neque
1222 3244 1343 3304 infiniti-

169 3361 223 3402 vus
247 3342 341 3401 futuri
364 3362 460 3418 neque
483 3343 648 3404 infinitivus
672 3364 739 3403 cum
762 3337 801 3401 όν
824 3343 967 3417 sequItur,
991 3343 1074 3401 cuius
1097 3342 1141 3400 rei
1160 3360 1251 3402 causa
1273 3345 1341 3403 iude

167 3441 332 3514 repetenda
364 3442 410 3499 est
442 3441 520 3516 quod
552 3442 628 3500 illud
660 3441 780 3517 proprie
811 3459 870 3498 non
901 3440 1028 3516 putandi
1059 3441 1120 3501 vim
1152 3441 1256 3518 habet,
1289 3443 1341 3501 sed

168 3539 283 3612 decet,
312 3539 481 3599 convenit
509 3540 664 3615 significat.
716 3538 834 3598 Dicitur
862 3538 956 3614 igitur
986 3539 1023 3598 de
1049 3539 1095 3599 rei
1125 3559 1180 3615 per
1212 3558 1244 3598 se
1274 3560 1340 3615 pro·

171 3636 329 3695 habilitate
352 3639 495 3712 temporis
519 3642 550 3697 et
569 3638 747 3698 condicionis
767 3638 983 3714 significatione
1001 3639 1120 3699 omissa.
1157 3638 1200 3698 cf.
1220 3639 1247 3695 V
1268 3642 1341 3698 102.

241 3809 266 3875 1)
290 3807 351 3860 Huc
374 3825 430 3862 non
452 3809 575 3877 pertinet
593 3809 631 3863 VI
650 3816 674 3877 6,
694 3815 710 3862 2
734 3807 863 3878 λέγοντες
882 3849 946 3876 ...,
971 3807 998 3862 εί
1015 3804 1190 3877 Συρακόσιοι
1209 3851 1214 3862 .
1233 3852 1238 3863 .
1256 3849 1261 3860 .
1281 3805 1340 3863 ἅτι-

167 3883 291 3957 μσλρητοι
308 3885 477 3956 γενήσονται
495 3888 544 3941 καλ
562 3930 568 3942 .
585 3931 612 3944 ..
632 3884 684 3958 τήν
703 3882 817 3941 δίκασαν
837 3883 960 3957 δύναμιν
980 3889 1029 3956 τῆς
1048 3891 1180 3950 Σικελίας
1199 3882 1340 3956 σχήσουσι,

165 3969 299 4020 κίνδυνον
320 3965 394 4021 εἶναι
413 3963 450 4036 μή
469 3987 538 4021 ποτε
559 4009 609 4022 ..,
629 3967 677 4022 καὶ
695 3964 748 4036 τὴν
767 3963 883 4022 ἐκείνων
902 3967 1026 4039 δύναμιν
1045 3966 1254 4038 ξυγκαθὲλωσι,
1277 3987 1340 4024 cum

166 4047 294 4101 condici0
317 4065 372 4102 non
398 4047 434 4100 ad
454 4048 587 4102 κίνδυνον
606 4045 694 4115 εἶναι,
720 4048 769 4102 sed
788 4047 824 4101 ad
842 4043 879 4117 μή
899 4065 966 4100 ποτε
1056 4044 1251 4115 ξυγκαθέλωσι
1270 4049 1314 4102 ref
1329 4080 1339 4090 ·

165 4130 251 4183 ratur.
292 4126 391 4196 Neque
414 4127 503 4196 magis
527 4127 565 4182 VI
590 4133 632 4195 91,
656 4135 673 4182 4
697 4122 767 4182 ὅστε
790 4123 827 4196 μὴ
851 4126 916 4194 περὶ
943 4127 993 4194 τῆς
1016 4128 1147 4188 Σικελίας
1169 4146 1211 4187 τις
1234 4126 1338 4182 οίέοθω

165 4207 254 4277 μόνον
274 4204 434 4278 βουλεύειν,
456 4202 526 4261 ortu
546 4208 595 4261 καὶ
613 4208 677 4277 περὶ
695 4210 744 4278 τῆς
763 4205 996 4276 Πελοποννήσου,
1020 4205 1047 4260 εί
1064 4202 1101 4276 μὴ
1120 4204 1250 4275 ποιήσετε
1269 4205 1337 4264 τάδε

166 4284 197 4341 ἐν
212 4284 291 4356 τείχει
306 4287 460 4341 infinitivus
475 4283 622 4358 βουλεύειν
637 4288 793 4344 condicioni
807 4288 950 4355 subicitur,
966 4287 1015 4339 sed
1030 4287 1168 4342 sententia
1181 4291 1248 4355 περί
1259 4306 1337 4357 pree-

165 4367 305 4438 positione
329 4385 472 4437 expressa,
495 4386 552 4437 qua
575 4368 703 4424 adhibita
724 4368 896 4439 significatur
920 4368 1013 4421 actum
1037 4367 1096 4422 fore
1120 4384 1175 4422 non
1194 4370 1282 4422 solum
1303 4371 1337 4424 de

166 4448 276 4517 Sicilia,
296 4450 347 4504 sed
366 4449 452 4503 etiam
470 4451 505 4504 de
526 4450 730 4519 Peloponneso,
749 4449 804 4504 nisi
823 4447 950 4503 celeriter
968 4447 1039 4502 haec
1057 4447 1169 4504 facient.
