3022 4936
645 349 865 412 ..47-

162 494 310 593 Ἀχδιιικός
335 515 365 573 ΙΙ
387 507 474 594 716).
512 513 713 571 Plurimorum
737 515 767 570 et
790 514 971 588 optimorum
995 516 1140 574 librorum
1165 517 1344 574 auctoritate

167 613 395 672 commendatur
418 605 506 683 ἐλάας
525 612 568 669 VI
588 614 638 684 99,
659 614 687 669 3.
712 609 771 668 VH
791 612 830 668 81
853 613 882 687 4,
906 615 936 670 et
960 616 1079 686 praeter
1102 611 1281 672 cantatorii
1301 615 1345 672 IV

168 712 267 768 2793.
294 710 368 768 item
395 711 426 768 in
453 709 550 768 titulis
581 707 689 766 Atticis
718 711 764 766 est
792 701 863 767 ἐλάα
891 701 940 785 (cf.
964 709 1026 769 ΕΑ.
1053 729 1079 768 a.
1106 713 1190 769 1884
1218 733 1245 787 p.
1274 714 1345 788 163,

168 811 210 868 33
245 813 276 867 el·
308 809 459 868 Meisterh.
493 810 511 865 l.
540 799 584 888 1.).
636 805 711 864 Cum
744 806 868 863 eandem
901 807 1046 866 rationem
1081 802 1144 867 adu
1172 810 1283 868 habeat
1315 812 1346 866 et

166 899 267 965 ἕκοῗετο
289 906 321 965 ΙΙ
344 909 397 982 49,
427 907 445 964 5
474 906 505 963 in
536 904 656 980 optimis
685 903 770 961 libris
797 905 929 979 legatur,
958 905 988 963 Il
1013 907 1065 981 52,
1090 909 1110 965 4
1139 904 1286 985 καομένου
1315 910 1346 965 et

169 1003 242 1062 VlIl
266 1008 317 1081 39,
342 1007 370 1064 3.
399 1006 471 1080 102,
492 1007 510 1063 3
536 995 715 1062 κατακάουσι
738 1002 829 1059 etiam
848 1005 952 1061 contra
970 1004 1064 1063 libros
1084 1006 1247 1063 rescribere
1267 1006 1344 1064 licet.

166 1102 320 1162 Incertum
352 1106 399 1161 est
431 1098 596 1179 καιομένων
628 1099 696 1159 ΟΙΑ
729 1099 744 1156 I
778 1102 807 1158 9.
860 1097 971 1157 Contra
1002 1100 1113 1174 ubique
1145 1122 1198 1175 pro
1228 1095 1344 1179 Ἀθηνᾶ

167 1201 411 1264 substituendum
438 1220 504 1259 esse
534 1204 674 1275 putamus
698 1190 854 1274 Ἀθηναί.
906 1196 1082 1272 Quanquam
1110 1199 1188 1256 enim
1216 1198 1344 1259 Athenis

166 1299 198 1355 iu
221 1299 344 1375 antiquo
369 1301 560 1357 monumento
584 1295 702 1372 privato
726 1297 846 1369 reperta
869 1297 915 1352 est
938 1295 1035 1354 forma
1054 1289 1170 1378 Ἀθηνᾷ
1194 1289 1277 1376 (CIA
1300 1297 1344 1356 IV

168 1398 232 1455 373
249 1388 300 1475 τε),
328 1417 404 1472 quae
428 1396 496 1455 inde
520 1397 558 1454 ab
582 1414 607 1452 a.
633 1396 696 1454 362
721 1412 747 1450 a.
772 1391 824 1450 Oh.
849 1393 968 1451 demum
991 1394 1022 1452 in
1045 1395 1144 1453 titulis
1169 1395 1343 1455 Atticis'in-

166 1495 329 1554 crebrescit
360 1488 410 1574 (cf.
444 1495 596 1553 Meisterh.
627 1489 647 1566 ἓ
677 1494 726 1568 26,
756 1486 806 1569 5),
844 1493 873 1547 et
911 1490 1121 1549 confirmatum
1156 1487 1282 1572 (ibidem
1313 1494 1345 1551 in

165 1592 234 1651 add.
257 1595 295 1650 ad
319 1613 347 1652 n.
373 1586 452 1674 298)
477 1592 602 1652 eandem
624 1591 656 1648 in
678 1588 791 1648 tabulis
814 1592 986 1646 curatorum
1010 1609 1133 1665 operum
1156 1590 1344 1664 publicorum

166 1694 236 1749 ante
264 1691 419 1750 Euclidem
448 1692 621 1749 archontcm
649 1687 736 1746 factis
764 1706 823 1745 uno
850 1687 916 1744 loco
950 1692 1080 1765 exstare,
1112 1693 1174 1748 tam
1205 1691 1345 1767 frequens

165 1789 319 1864 ceteroqui
341 1789 372 1847 in
396 1789 494 1847 titulis
518 1786 695 1863 antiquioris
715 1785 822 1843 aetatis
842 1785 890 1842 est
907 1785 1007 1842 forma
1026 1779 1184 1863 Ἀθηναία,
1206 1808 1262 1863 pro
1286 1808 1346 1864 qua

164 1888 266 1947 rarius
295 1889 369 1946 eliso
399 1911 409 1945 ι
433 1879 570 1963 Ἀθηναα
599 1877 650 1965 (cf.
674 1882 825 1941 Meisterh.
855 1880 875 1956 ξ
900 1885 928 1956 9,
954 1876 1002 1960 1),
1031 1887 1065 1941 ut
1094 1887 1167 1944 hano
1195 1890 1260 1945 tum
1288 1888 1344 1945 sol-

166 1986 295 2043 lemnem
331 1986 362 2042 et
389 2004 589 2059 communem,
622 1982 706 2039 illam
733 1980 763 2037 in
796 1978 913 2054 vulgari
943 1999 1000 2037 usu
1029 1981 1189 2041 subnatam
1216 1984 1344 2060 indeque

164 2085 315 2158 receptam
347 2101 413 2140 esse
442 2085 594 2157 appareat.
640 2077 724 2136 Idem
752 2077 927 2153 comprobat
953 2081 1111 2153 poetarum
1142 2081 1343 2141 scaenicorum

165 2199 247 2256 usus,
272 2181 323 2256 qui
343 2180 453 2255 ubique
473 2183 526 2238 aut
546 2172 693 2254 Ἀθηναία
713 2179 766 2233 aut
785 2175 923 2233 Doricam
942 2167 1069 2234 formam
1089 2171 1205 2236 Ἀθοὶνα
1225 2180 1344 2256 habent,

165 2277 223 2334 nisi
251 2279 330 2352 quod
354 2297 413 2335 uno
438 2277 501 2336 loco
525 2275 605 2351 apud
629 2273 782 2348 Aristoph.
811 2264 894 2353 (Pac.
920 2266 999 2352 218)
1028 2275 1059 2332 in
1082 2276 1202 2352 vulgari
1227 2279 1345 2336 iurandi

165 2375 297 2433 formula
312 2379 358 2434 est
372 2369 409 2452 νὴ
419 2369 473 2452 τὴν
489 2369 633 2451 Ἀθηνᾶν,
650 2373 702 2430 ubi
713 2375 815 2430 tamen
824 2371 951 2429 Meinek.
964 2365 1130 2449 Ἀθηναίαν
1144 2377 1280 2435 correxit.
1295 2377 1344 2434 ΕΚ

167 2473 285 2547 reliqua
303 2476 403 2531 autem
419 2474 473 2531 Th.
493 2472 660 2531 elocutione
679 2470 836 2545 vulgarem
851 2467 967 2526 dicendi
982 2473 1228 2531 consuetudinem
1242 2493 1343 2549 asper·

164 2570 266 2628 nantis
290 2575 403 2630 certum
428 2577 474 2631 est
498 2591 566 2629 eum
589 2567 708 2644 vulgari
733 2568 829 2624 forma
852 2587 910 2626 non
935 2587 1020 2625 usum
1045 2589 1119 2628 esse.
1157 2571 1202 2629 De
1225 2573 1343 2630 nomine

162 2659 295 2745 Ἀγοαῐοι
327 2660 473 2749 (Ἀηραῶν
501 2668 550 2728 vel
574 2659 709 2745 ’Aypdov
737 2683 839 2722 omnes
871 2664 953 2723 codd.
982 2666 1013 2722 ΙΙ
1044 2669 1115 2736 102,
1145 2669 1174 2743 2,
1200 2660 1344 2746 Ἀγραούς

164 2767 303 2824 nonnulli
330 2768 374 2824 IV
404 2771 453 2844 77,
489 2761 521 2845 2)
556 2765 592 2825 cf.
622 2764 725 2839 Steph.
757 2763 828 2840 Bya.
856 2764 899 2821 IV
928 2768 1001 2841 119,
1030 2768 1048 2822 2
1079 2757 1221 2824 Etanna
1254 2759 1296 2845 (v.
1324 2768 1344 2825 l.

166 2855 337 2942 Εὖααιίδα)
366 2869 397 2923 et
424 2866 539 2940 potiore
568 2864 714 2920 librorum
747 2863 890 2921 memoria
924 2864 955 2920 et
986 2862 1184 2921 similitudine
1215 2864 1344 2922 nominis

166 2958 363 3037 Πολοτιαῖδης
386 2963 475 3037 apud.
500 2962 632 3036 Theogn.
658 2961 709 3018 25.
733 2961 784 3018 57.
810 2962 859 3018 61.
887 2963 935 3019 79.
963 2962 1023 3019 129
1049 2962 1204 3036 probatur.

257 3056 324 3113 Non
343 3061 417 3133 puto
437 3059 491 3116 Th.
511 3057 537 3113 V
559 3060 610 3129 25,
632 3062 646 3114 1
670 3056 800 3133 δεκαετῆ,
824 3057 876 3115 sed
901 3054 1001 3135 δεκέτη
1024 3060 1057 3115 et
1075 3059 1101 3114 V
1122 3061 1173 3134 26,
1193 3061 1212 3117 3
1237 3055 1343 3117 δεκέτει

168 3152 279 3210 dixisse
303 3157 338 3210 ut
360 3153 550 3232 ττεντετηρίδα
573 3154 620 3212 ΙΙΙ
646 3157 718 3228 104,
743 3157 771 3227 2,
795 3155 848 3211 ubi
871 3156 1005 3213 nonnulli
1030 3157 1112 3215 codd.
1135 3157 1343 3233 πενταετηρίδα

166 3251 287 3308 habent.
334 3250 378 3308 cf.
403 3252 496 3310 Arist.
520 3252 592 3309 Ach.
619 3252 690 3309 188.
719 3251 808 3326 Soph.
832 3253 908 3309 Phil.
935 3257 1008 3312 715.
1038 3253 1108 3310 Eur.
1133 3255 1176 3310 lll.
1204 3257 1287 3313 1153
1313 3259 1343 3313 et

166 3349 333 3428 πεντετηρίς
361 3349 428 3408 CIA
453 3350 484 3407 Il
510 3352 580 3409 756.
607 3351 678 3408 758.
707 3351 779 3409 816.
809 3352 888 3426 818,
917 3345 1081 3428 δεκώβολος
1105 3354 1179 3410 837.
1225 3353 1269 3410 De
1297 3372 1343 3411 ac-

167 3451 256 3505 centu
279 3448 315 3507 cf.
340 3448 427 3506 Dind.
451 3448 522 3506 Lex.
547 3448 636 3523 Soph.
656 3468 678 3507 e.
699 3469 726 3507 v.
764 3448 823 3505 Pro
846 3444 1071 3526 τριακονταέτεις
1095 3449 1121 3504 V
1150 3453 1197 3524 14,
1221 3453 1241 3509 4
1265 3471 1342 3509 unus

135 3605 139 3611 ,
166 3545 230 3605 οοδ.
259 3547 354 3605 Paris.
383 3540 611 3625 τριακοντούτεις
640 3547 773 3606 servavit
801 3548 889 3622 idque
919 3547 1120 3622 recipiendum
1149 3551 1204 3605 est.
1255 3547 1299 3606 Of.
1328 3549 1342 3605 I

168 3646 220 3718 23,
244 3646 273 3701 4.
303 3648 354 3716 87,
380 3647 407 3704 6.
438 3648 510 3722 115,
536 3649 563 3705 1.
592 3647 620 3704 Il
647 3651 723 3723 2,1.
747 3645 840 3703 Arist.
864 3645 937 3702 Aah.
960 3648 1031 3704 194.
1069 3645 1186 3703 Pariter
1204 3645 1231 3699 V
1252 3647 1341 3722 32,5

166 3742 457 3818 πεντηκοντουτίδων
486 3743 644 3818 legendum
668 3748 727 3819 est,
751 3748 786 3802 ut
809 3739 1057 3814 πεντεκοντούτεις
1080 3743 1106 3798 V
1132 3746 1182 3815 27,
1209 3748 1223 3800 1
1252 3742 1343 3800 tradi-

165 3842 230 3897 tum
260 3843 315 3898 est.
361 3839 480 3899 Vocalis
510 3865 528 3898 α
557 3844 610 3899 aut
638 3842 712 3899 elisa
735 3845 781 3899 est
804 3844 858 3898 aut
881 3841 1043 3898 contractio
1067 3840 1155 3900 facta.
1201 3839 1244 3896 Cf.
1269 3840 1341 3899 Lob.

166 3938 204 3994 ad
230 3938 340 4013 Phryn.
364 3958 390 4012 p.
417 3940 480 3996 496
493 3958 534 4013 sq.
564 3939 659 3997 Lehrs
683 3938 802 4006 Quaest.
827 3958 872 4013 ep.
895 3959 923 4012 p.
950 3939 1022 3994 146.

256 4035 292 4092 In
315 4036 413 4093 titulis
435 4036 544 4094 Atticis
568 4055 621 4110 pro
645 4029 698 4093 ἐάν
722 4055 870 4110 nusquam
892 4028 932 4110 ἥν
950 4034 1109 4091 invenitur.
1146 4034 1222 4091 Eum
1242 4038 1341 4092 tamen

165 4133 263 4207 magis
292 4133 385 4191 fuisse
413 4134 565 4208 publicum
594 4133 743 4191 scribendi
774 4151 862 4206 quam
895 4132 1015 4188 unicum
1047 4132 1187 4204 loquendi
1220 4132 1341 4188 modum

166 4234 324 4304 poetarum
349 4231 551 4289 scaenicorum
574 4248 647 4287 usus
670 4230 764 4304 docet,
787 4229 836 4302 qui
856 4230 1024 4304 promiscue
1044 4223 1096 4287 εὀἱν
1115 4231 1146 4285 et
1164 4223 1203 4305 ἥν
1221 4230 1342 4292 habent.

166 4325 245 4383 Item
274 4327 328 4384 Th.
378 4327 436 4385 Pro
464 4320 517 4384 ἐάν
545 4329 614 4383 ante
643 4327 862 4385 Macedonicam
890 4330 1020 4384 aetatem
1048 4328 1078 4383 in
1105 4325 1203 4384 titulis
1232 4328 1341 4386 Atticis

165 4443 225 4482 nno
253 4425 317 4483 loco
346 4426 392 4482 est
420 4418 458 4480 dv
485 4425 574 4499 idque
600 4443 667 4482 cum
690 4421 743 4501 μέν
767 4425 797 4481 in
820 4417 915 4501 ἆμμὲν
938 4425 1104 4483 coalescens
1130 4418 1211 4501 (014
1235 4425 1265 4482 ll
1292 4429 1343 4499 11,
