<?xml version="1.0" encoding="UTF-8"?>
<!DOCTYPE html PUBLIC "-//W3C//DTD XHTML 1.0 Transitional//EN"
    "http://www.w3.org/TR/xhtml1/DTD/xhtml1-transitional.dtd">
<html xmlns="http://www.w3.org/1999/xhtml" xml:lang="en" lang="en">
 <head>
  <title>
</title>
<meta http-equiv="Content-Type" content="text/html;charset=utf-8" />
  <meta name='ocr-system' content='tesseract 3.04.00' />
  <meta name='ocr-capabilities' content='ocr_page ocr_carea ocr_par ocr_line ocrx_word'/>
</head>
<body>
  <div class='ocr_page' id='page_1' title='image "./quaestionesgram02stahgoog_0053.png"; bbox 0 0 3022 4936; ppageno 0'>
   <div class='ocr_carea' id='block_1_1' title="bbox 711 324 927 388">
    <p class='ocr_par' dir='ltr' id='par_1_1' title="bbox 711 324 927 388">
     <span class='ocr_line' id='line_1_1' title="bbox 711 324 927 388; baseline 0 -18"><span class='ocrx_word' id='word_1_1' title='bbox 711 324 927 388; x_wconf 71' lang='grc'>..44-</span> 
     </span>
    </p>
   </div>
   <div class='ocr_carea' id='block_1_2' title="bbox 224 473 1478 4491">
    <p class='ocr_par' dir='ltr' id='par_1_2' title="bbox 231 473 1478 3298">
     <span class='ocr_line' id='line_1_2' title="bbox 233 473 1408 571; baseline 0.001 -22"><span class='ocrx_word' id='word_1_2' title='bbox 233 491 327 565; x_wconf 83' lang='lat' dir='ltr'><strong>igitur</strong></span> <span class='ocrx_word' id='word_1_3' title='bbox 355 490 494 565; x_wconf 87' lang='lat' dir='ltr'><strong>analogia</strong></span> <span class='ocrx_word' id='word_1_4' title='bbox 522 511 611 566; x_wconf 84' lang='lat' dir='ltr'><strong>quam</strong></span> <span class='ocrx_word' id='word_1_5' title='bbox 639 473 802 550; x_wconf 87' lang='lat' dir='ltr'><strong>ostendunt</strong></span> <span class='ocrx_word' id='word_1_6' title='bbox 830 484 930 548; x_wconf 75' lang='grc' dir='ltr'><strong><em>ὄδωδα</em></strong></span> <span class='ocrx_word' id='word_1_7' title='bbox 958 483 1075 567; x_wconf 74' lang='grc' dir='ltr'><strong>δδωδή,</strong></span> <span class='ocrx_word' id='word_1_8' title='bbox 1104 486 1210 551; x_wconf 77' lang='grc' dir='ltr'><strong><em>ὄπωπα</em></strong></span> <span class='ocrx_word' id='word_1_9' title='bbox 1238 485 1346 571; x_wconf 75' lang='grc' dir='ltr'><strong><em>ὀπωπή</em></strong></span> <span class='ocrx_word' id='word_1_10' title='bbox 1369 494 1408 551; x_wconf 89' lang='lat' dir='ltr'><strong>ad</strong></span> 
     </span>
     <span class='ocr_line' id='line_1_3' title="bbox 233 582 1409 667; baseline 0.003 -20"><span class='ocrx_word' id='word_1_11' title='bbox 233 582 345 665; x_wconf 77' lang='grc' dir='ltr'><strong>δκωχα,</strong></span> <span class='ocrx_word' id='word_1_12' title='bbox 378 587 533 663; x_wconf 88' lang='lat' dir='ltr'><strong>antiquum</strong></span> <span class='ocrx_word' id='word_1_13' title='bbox 566 586 641 666; x_wconf 79' lang='grc' dir='ltr'><strong><em>ἔχειν</em></strong></span> <span class='ocrx_word' id='word_1_14' title='bbox 673 589 756 648; x_wconf 88' lang='lat' dir='ltr'><strong>verbi</strong></span> <span class='ocrx_word' id='word_1_15' title='bbox 791 589 973 665; x_wconf 85' lang='lat' dir='ltr'><strong>perfeetum,</strong></span> <span class='ocrx_word' id='word_1_16' title='bbox 1006 583 1104 667; x_wconf 75' lang='grc' dir='ltr'><strong><em>ὀκωχή</em></strong></span> <span class='ocrx_word' id='word_1_17' title='bbox 1136 592 1281 650; x_wconf 83' lang='lat' dir='ltr'><strong>conuenit.</strong></span> <span class='ocrx_word' id='word_1_18' title='bbox 1339 593 1409 651; x_wconf 84' lang='lat' dir='ltr'><strong>Alia</strong></span> 
     </span>
     <span class='ocr_line' id='line_1_4' title="bbox 233 683 1409 764; baseline 0.006 -20"><span class='ocrx_word' id='word_1_19' title='bbox 233 687 349 745; x_wconf 89' lang='lat' dir='ltr'><strong>ratione</strong></span> <span class='ocrx_word' id='word_1_20' title='bbox 372 687 449 745; x_wconf 88' lang='lat' dir='ltr'><strong>haue</strong></span> <span class='ocrx_word' id='word_1_21' title='bbox 472 687 599 745; x_wconf 85' lang='lat' dir='ltr'><strong>formam</strong></span> <span class='ocrx_word' id='word_1_22' title='bbox 622 707 727 747; x_wconf 84' lang='lat' dir='ltr'><strong>veram</strong></span> <span class='ocrx_word' id='word_1_23' title='bbox 750 705 816 745; x_wconf 90' lang='lat' dir='ltr'><strong>esse</strong></span> <span class='ocrx_word' id='word_1_24' title='bbox 835 685 945 746; x_wconf 84' lang='lat' dir='ltr'>Herod.</span> <span class='ocrx_word' id='word_1_25' title='bbox 965 686 1073 763; x_wconf 82' lang='lat'><strong>1334,</strong></span> <span class='ocrx_word' id='word_1_26' title='bbox 1099 690 1139 746; x_wconf 83' lang='grc'><strong>23</strong></span> <span class='ocrx_word' id='word_1_27' title='bbox 1164 689 1315 764; x_wconf 79' lang='lat' dir='ltr'><strong>probavit:</strong></span> <span class='ocrx_word' id='word_1_28' title='bbox 1340 683 1409 751; x_wconf 79' lang='grc' dir='ltr'><strong>ὅδὲ</strong></span> 
     </span>
     <span class='ocr_line' id='line_1_5' title="bbox 233 772 1478 905; baseline 0.003 -61"><span class='ocrx_word' id='word_1_29' title='bbox 233 779 319 864; x_wconf 83' lang='grc' dir='ltr'><em>λόγος</em></span> <span class='ocrx_word' id='word_1_30' title='bbox 343 780 391 843; x_wconf 72' lang='grc' dir='ltr'><strong>ἐπὶ</strong></span> <span class='ocrx_word' id='word_1_31' title='bbox 412 777 613 863; x_wconf 78' lang='grc' dir='ltr'><em>τρισυλλάβων</em></span> <span class='ocrx_word' id='word_1_32' title='bbox 636 777 738 844; x_wconf 80' lang='grc' dir='ltr'><strong><em>οἶον’</em></strong></span> <span class='ocrx_word' id='word_1_33' title='bbox 722 806 822 862; x_wconf 85' lang='grc' dir='ltr'><strong><em>αγωγῃ</em></strong></span> <span class='ocrx_word' id='word_1_34' title='bbox 816 772 901 843; x_wconf 76' lang='grc' dir='ltr'><strong>’έδει</strong></span> <span class='ocrx_word' id='word_1_35' title='bbox 920 776 1030 843; x_wconf 79' lang='grc' dir='ltr'><strong><em>εἶναι’</em></strong></span> <span class='ocrx_word' id='word_1_36' title='bbox 1014 778 1072 901; x_wconf 78' lang='grc' dir='ltr'><strong>αγῃ</strong></span> <span class='ocrx_word' id='word_1_37' title='bbox 1089 783 1139 846; x_wconf 80' lang='grc' dir='ltr'><strong>καὶ</strong></span> <span class='ocrx_word' id='word_1_38' title='bbox 1157 783 1277 865; x_wconf 80' lang='grc' dir='ltr'><strong><em>γέγονεν</em></strong></span> <span class='ocrx_word' id='word_1_39' title='bbox 1286 782 1410 905; x_wconf 77' lang='grc' dir='ltr'><strong><em>ἀγωγή,</em></strong></span> <span class='ocrx_word' id='word_1_40' title='bbox 1475 774 1478 779; x_wconf 33' lang='lat'>⁵</span> 
     </span>
     <span class='ocr_line' id='line_1_6' title="bbox 234 872 1410 996; baseline 0.002 -53"><span class='ocrx_word' id='word_1_41' title='bbox 234 875 343 960; x_wconf 85' lang='grc' dir='ltr'><strong><em>ὁμοίως</em></strong></span> <span class='ocrx_word' id='word_1_42' title='bbox 366 879 422 941; x_wconf 83' lang='grc' dir='ltr'><strong>έδω</strong></span> <span class='ocrx_word' id='word_1_43' title='bbox 447 875 501 959; x_wconf 78' lang='grc' dir='ltr'><strong>έδή</strong></span> <span class='ocrx_word' id='word_1_44' title='bbox 519 876 627 960; x_wconf 82' lang='grc' dir='ltr'><strong>έδωδή,</strong></span> <span class='ocrx_word' id='word_1_45' title='bbox 651 877 707 953; x_wconf 80' lang='grc' dir='ltr'><strong>όζω</strong></span> <span class='ocrx_word' id='word_1_46' title='bbox 731 875 788 996; x_wconf 83' lang='grc' dir='ltr'><strong>ὀδῃ’</strong></span> <span class='ocrx_word' id='word_1_47' title='bbox 812 875 965 959; x_wconf 76' lang='grc' dir='ltr'><strong>δδωδή,”</strong></span> <span class='ocrx_word' id='word_1_48' title='bbox 948 904 1026 942; x_wconf 84' lang='grc' dir='ltr'><strong><em>οπιω</em></strong></span> <span class='ocrx_word' id='word_1_49' title='bbox 1051 876 1111 961; x_wconf 79' lang='grc' dir='ltr'><strong>ὄπή</strong></span> <span class='ocrx_word' id='word_1_50' title='bbox 1133 877 1251 963; x_wconf 85' lang='grc' dir='ltr'><strong>ὀπωπῃ,</strong></span> <span class='ocrx_word' id='word_1_51' title='bbox 1274 883 1329 964; x_wconf 84' lang='grc' dir='ltr'><strong>έχω</strong></span> <span class='ocrx_word' id='word_1_52' title='bbox 1354 872 1410 965; x_wconf 84' lang='grc' dir='ltr'><strong>δχῃ</strong></span> 
     </span>
     <span class='ocr_line' id='line_1_7' title="bbox 233 975 1407 1060; baseline 0.002 -19"><span class='ocrx_word' id='word_1_53' title='bbox 233 975 339 1059; x_wconf 74' lang='grc' dir='ltr'><strong><em>ὀκωχή.</em></strong></span> <span class='ocrx_word' id='word_1_54' title='bbox 377 981 539 1039; x_wconf 82' lang='lat' dir='ltr'><strong>Praeterea</strong></span> <span class='ocrx_word' id='word_1_55' title='bbox 559 975 776 1060; x_wconf 75' lang='grc' dir='ltr'>Τ11ἀνοκωχή</span> <span class='ocrx_word' id='word_1_56' title='bbox 794 981 947 1056; x_wconf 79' lang='lat' dir='ltr'><strong>scripsisse</strong></span> <span class='ocrx_word' id='word_1_57' title='bbox 971 982 1083 1041; x_wconf 89' lang='lat' dir='ltr'><strong>diserte</strong></span> <span class='ocrx_word' id='word_1_58' title='bbox 1052 985 1297 1059; x_wconf 84' lang='lat' dir='ltr'><strong>tgrammatiei</strong></span> <span class='ocrx_word' id='word_1_59' title='bbox 1320 985 1407 1043; x_wconf 87' lang='lat' dir='ltr'><strong>testi-</strong></span> 
     </span>
     <span class='ocr_line' id='line_1_8' title="bbox 234 1071 1409 1161; baseline 0.003 -22"><span class='ocrx_word' id='word_1_60' title='bbox 234 1081 333 1139; x_wconf 83' lang='lat' dir='ltr'><strong>mouio</strong></span> <span class='ocrx_word' id='word_1_61' title='bbox 361 1081 392 1138; x_wconf 90' lang='lat' dir='ltr'><strong>in</strong></span> <span class='ocrx_word' id='word_1_62' title='bbox 415 1080 510 1140; x_wconf 87' lang='lat' dir='ltr'><strong>Bekk.</strong></span> <span class='ocrx_word' id='word_1_63' title='bbox 535 1081 645 1139; x_wconf 86' lang='lat' dir='ltr'><strong>Aneed.</strong></span> <span class='ocrx_word' id='word_1_64' title='bbox 674 1101 701 1155; x_wconf 90' lang='lat' dir='ltr'><strong>p.</strong></span> <span class='ocrx_word' id='word_1_65' title='bbox 726 1082 789 1138; x_wconf 90' lang='grc'><strong>406</strong></span> <span class='ocrx_word' id='word_1_66' title='bbox 818 1083 947 1137; x_wconf 83' lang='lat' dir='ltr'><strong>constat:</strong></span> <span class='ocrx_word' id='word_1_67' title='bbox 979 1071 1135 1159; x_wconf 78' lang='grc' dir='ltr'><strong><em>ἆνοκωχὴν</em></strong></span> <span class='ocrx_word' id='word_1_68' title='bbox 1158 1073 1207 1140; x_wconf 80' lang='grc' dir='ltr'><strong>διδ</strong></span> <span class='ocrx_word' id='word_1_69' title='bbox 1230 1084 1282 1142; x_wconf 81' lang='grc' dir='ltr'><strong>τοῦ</strong></span> <span class='ocrx_word' id='word_1_70' title='bbox 1311 1105 1326 1143; x_wconf 95' lang='grc' dir='ltr'><strong><em>ο</em></strong></span> <span class='ocrx_word' id='word_1_71' title='bbox 1354 1077 1409 1161; x_wconf 78' lang='grc' dir='ltr'><strong>τὴν</strong></span> 
     </span>
     <span class='ocr_line' id='line_1_9' title="bbox 233 1169 1409 1262; baseline 0.003 -25"><span class='ocrx_word' id='word_1_72' title='bbox 233 1172 346 1257; x_wconf 77' lang='grc' dir='ltr'><strong><em>ἀνοχὴν</em></strong></span> <span class='ocrx_word' id='word_1_73' title='bbox 375 1175 503 1257; x_wconf 89' lang='grc' dir='ltr'><strong><em>λέγουσι·</em></strong></span> <span class='ocrx_word' id='word_1_74' title='bbox 532 1171 608 1238; x_wconf 79' lang='grc' dir='ltr'><strong>πολὺ</strong></span> <span class='ocrx_word' id='word_1_75' title='bbox 636 1173 669 1237; x_wconf 77' lang='grc' dir='ltr'><strong>δὲ</strong></span> <span class='ocrx_word' id='word_1_76' title='bbox 692 1175 750 1237; x_wconf 75' lang='grc' dir='ltr'><strong><em>ἔστι</em></strong></span> <span class='ocrx_word' id='word_1_77' title='bbox 772 1169 852 1253; x_wconf 78' lang='grc' dir='ltr'><strong><em>παρὰ</em></strong></span> <span class='ocrx_word' id='word_1_78' title='bbox 879 1176 1059 1258; x_wconf 91' lang='grc' dir='ltr'><em>Θουκυδίδῃ.</em></span> <span class='ocrx_word' id='word_1_79' title='bbox 1106 1178 1226 1239; x_wconf 78' lang='lat' dir='ltr'><strong>Pariter</strong></span> <span class='ocrx_word' id='word_1_80' title='bbox 1249 1184 1409 1262; x_wconf 78' lang='grc' dir='ltr'><strong><em>παροκωχῇ</em></strong></span> 
     </span>
     <span class='ocr_line' id='line_1_10' title="bbox 233 1273 1408 1357; baseline 0.005 -25"><span class='ocrx_word' id='word_1_81' title='bbox 233 1274 276 1334; x_wconf 92' lang='lat' dir='ltr'><strong>VI</strong></span> <span class='ocrx_word' id='word_1_82' title='bbox 306 1278 357 1354; x_wconf 82' lang='lat'><strong>85,</strong></span> <span class='ocrx_word' id='word_1_83' title='bbox 391 1280 409 1336; x_wconf 83' lang='lat'><strong>2</strong></span> <span class='ocrx_word' id='word_1_84' title='bbox 443 1296 497 1352; x_wconf 91' lang='lat' dir='ltr'><strong>pre</strong></span> <span class='ocrx_word' id='word_1_85' title='bbox 529 1278 644 1357; x_wconf 78' lang='grc' dir='ltr'><strong><em>παροχῃ</em></strong></span> <span class='ocrx_word' id='word_1_86' title='bbox 677 1275 895 1336; x_wconf 88' lang='lat' dir='ltr'><strong>restituendum</strong></span> <span class='ocrx_word' id='word_1_87' title='bbox 930 1279 977 1334; x_wconf 87' lang='lat' dir='ltr'><strong>est</strong></span> <span class='ocrx_word' id='word_1_88' title='bbox 1008 1278 1086 1335; x_wconf 84' lang='lat' dir='ltr'><strong>teste</strong></span> <span class='ocrx_word' id='word_1_89' title='bbox 1119 1278 1205 1337; x_wconf 89' lang='lat' dir='ltr'><strong>Phet.</strong></span> <span class='ocrx_word' id='word_1_90' title='bbox 1235 1273 1408 1357; x_wconf 79' lang='grc' dir='ltr'><strong><em>παροκωχή·</em></strong></span> 
     </span>
     <span class='ocr_line' id='line_1_11' title="bbox 233 1365 1409 1455; baseline 0.003 -24"><span class='ocrx_word' id='word_1_91' title='bbox 233 1366 348 1452; x_wconf 78' lang='grc' dir='ltr'><strong><em>παροχὴ</em></strong></span> <span class='ocrx_word' id='word_1_92' title='bbox 372 1366 453 1452; x_wconf 79' lang='grc' dir='ltr'><strong><em>παρὰ</em></strong></span> <span class='ocrx_word' id='word_1_93' title='bbox 476 1373 661 1455; x_wconf 76' lang='grc' dir='ltr'><em>Θουκυδίδῃ,</em></span> <span class='ocrx_word' id='word_1_94' title='bbox 686 1366 725 1445; x_wconf 79' lang='grc' dir='ltr'><strong>ὡς</strong></span> <span class='ocrx_word' id='word_1_95' title='bbox 744 1365 762 1451; x_wconf 78' lang='grc' dir='ltr'><em>ἡ</em></span> <span class='ocrx_word' id='word_1_96' title='bbox 782 1365 921 1451; x_wconf 73' lang='grc' dir='ltr'><strong><em>αἰνοκωχή</em></strong></span> <span class='ocrx_word' id='word_1_97' title='bbox 938 1368 985 1430; x_wconf 76' lang='grc' dir='ltr'><strong>καὶ</strong></span> <span class='ocrx_word' id='word_1_98' title='bbox 1006 1367 1144 1452; x_wconf 76' lang='grc' dir='ltr'><strong>διοκωχῃ.</strong></span> <span class='ocrx_word' id='word_1_99' title='bbox 1177 1376 1275 1434; x_wconf 87' lang='lat' dir='ltr'><strong>Verae</strong></span> <span class='ocrx_word' id='word_1_100' title='bbox 1294 1376 1409 1435; x_wconf 86' lang='lat' dir='ltr'><strong>formae</strong></span> 
     </span>
     <span class='ocr_line' id='line_1_12' title="bbox 234 1468 1410 1551; baseline 0.003 -21"><span class='ocrx_word' id='word_1_101' title='bbox 234 1492 269 1530; x_wconf 85' lang='lat' dir='ltr'><strong>ex</strong></span> <span class='ocrx_word' id='word_1_102' title='bbox 298 1472 382 1530; x_wconf 89' lang='lat' dir='ltr'><strong>libris</strong></span> <span class='ocrx_word' id='word_1_103' title='bbox 411 1491 480 1534; x_wconf 88' lang='lat' dir='ltr'><strong>mss.</strong></span> <span class='ocrx_word' id='word_1_104' title='bbox 513 1485 636 1549; x_wconf 82' lang='lat' dir='ltr'><strong>prorsus</strong></span> <span class='ocrx_word' id='word_1_105' title='bbox 669 1475 862 1531; x_wconf 85' lang='lat' dir='ltr'><strong>evanuerunt.</strong></span> <span class='ocrx_word' id='word_1_106' title='bbox 914 1471 1033 1530; x_wconf 80' lang='lat' dir='ltr'><strong>Eodem·</strong></span> <span class='ocrx_word' id='word_1_107' title='bbox 1061 1472 1135 1532; x_wconf 85' lang='lat' dir='ltr'><strong>vitio</strong></span> <span class='ocrx_word' id='word_1_108' title='bbox 1163 1468 1346 1551; x_wconf 85' lang='grc' dir='ltr'><strong><em>Σπαρδιίκου</em></strong></span> <span class='ocrx_word' id='word_1_109' title='bbox 1378 1475 1410 1532; x_wconf 91' lang='lat' dir='ltr'><strong>II</strong></span> 
     </span>
     <span class='ocr_line' id='line_1_13' title="bbox 237 1562 1409 1648; baseline 0 -20"><span class='ocrx_word' id='word_1_110' title='bbox 237 1573 308 1648; x_wconf 88' lang='lat'>101,</span> <span class='ocrx_word' id='word_1_111' title='bbox 324 1574 342 1630; x_wconf 89' lang='lat'>5</span> <span class='ocrx_word' id='word_1_112' title='bbox 363 1573 484 1648; x_wconf 86' lang='lat' dir='ltr'><strong>legitur,</strong></span> <span class='ocrx_word' id='word_1_113' title='bbox 504 1571 555 1629; x_wconf 89' lang='lat' dir='ltr'><strong>ubi</strong></span> <span class='ocrx_word' id='word_1_114' title='bbox 575 1573 656 1630; x_wconf 86' lang='lat' dir='ltr'><strong>selus</strong></span> <span class='ocrx_word' id='word_1_115' title='bbox 673 1571 762 1629; x_wconf 87' lang='lat' dir='ltr'><strong>Leur.</strong></span> <span class='ocrx_word' id='word_1_116' title='bbox 777 1562 967 1646; x_wconf 88' lang='grc' dir='ltr'><strong><em>Σπαρδόκου,</em></strong></span> <span class='ocrx_word' id='word_1_117' title='bbox 987 1570 1065 1645; x_wconf 91' lang='lat' dir='ltr'><strong>quod</strong></span> <span class='ocrx_word' id='word_1_118' title='bbox 1087 1590 1144 1629; x_wconf 83' lang='lat' dir='ltr'><strong>una</strong></span> <span class='ocrx_word' id='word_1_119' title='bbox 1162 1571 1266 1630; x_wconf 85' lang='lat' dir='ltr'><strong>littera</strong></span> <span class='ocrx_word' id='word_1_120' title='bbox 1284 1572 1409 1647; x_wconf 85' lang='lat' dir='ltr'><strong>amplifi-</strong></span> 
     </span>
     <span class='ocr_line' id='line_1_14' title="bbox 234 1663 1410 1747; baseline 0.001 -21"><span class='ocrx_word' id='word_1_121' title='bbox 234 1670 333 1726; x_wconf 82' lang='lat' dir='ltr'><strong>catum</strong></span> <span class='ocrx_word' id='word_1_122' title='bbox 352 1673 399 1728; x_wconf 89' lang='lat' dir='ltr'><strong>est</strong></span> <span class='ocrx_word' id='word_1_123' title='bbox 418 1671 448 1727; x_wconf 89' lang='lat' dir='ltr'><strong>in</strong></span> <span class='ocrx_word' id='word_1_124' title='bbox 467 1663 667 1747; x_wconf 90' lang='grc' dir='ltr'><strong><em>Σπαραδόκου</em></strong></span> <span class='ocrx_word' id='word_1_125' title='bbox 686 1670 729 1727; x_wconf 90' lang='lat' dir='ltr'><strong>IV</strong></span> <span class='ocrx_word' id='word_1_126' title='bbox 751 1671 824 1734; x_wconf 87' lang='grc'>101,</span> <span class='ocrx_word' id='word_1_127' title='bbox 844 1668 872 1726; x_wconf 89' lang='lat'><strong>5.</strong></span> <span class='ocrx_word' id='word_1_128' title='bbox 910 1666 985 1725; x_wconf 82' lang='lat' dir='ltr'><strong>Cum</strong></span> <span class='ocrx_word' id='word_1_129' title='bbox 1005 1668 1068 1726; x_wconf 85' lang='lat' dir='ltr'><strong>sine</strong></span> <span class='ocrx_word' id='word_1_130' title='bbox 1088 1669 1178 1727; x_wconf 90' lang='lat' dir='ltr'><strong>dubie</strong></span> <span class='ocrx_word' id='word_1_131' title='bbox 1198 1669 1277 1727; x_wconf 90' lang='lat' dir='ltr'><strong>idem</strong></span> <span class='ocrx_word' id='word_1_132' title='bbox 1300 1688 1410 1727; x_wconf 86' lang='lat' dir='ltr'><strong>nomen</strong></span> 
     </span>
     <span class='ocr_line' id='line_1_15' title="bbox 234 1762 1412 1846; baseline -0.002 -20"><span class='ocrx_word' id='word_1_133' title='bbox 234 1769 274 1826; x_wconf 88' lang='lat' dir='ltr'><strong>sit</strong></span> <span class='ocrx_word' id='word_1_134' title='bbox 297 1772 386 1843; x_wconf 90' lang='lat' dir='ltr'><strong>atque</strong></span> <span class='ocrx_word' id='word_1_135' title='bbox 411 1762 584 1846; x_wconf 79' lang='grc' dir='ltr'><strong><em>Σπίρτοκος</em></strong></span> <span class='ocrx_word' id='word_1_136' title='bbox 608 1767 725 1826; x_wconf 76' lang='lat' dir='ltr'><strong>014ss</strong></span> <span class='ocrx_word' id='word_1_137' title='bbox 750 1770 822 1826; x_wconf 88' lang='grc'><strong>311·</strong></span> <span class='ocrx_word' id='word_1_138' title='bbox 851 1765 900 1824; x_wconf 77' lang='lat' dir='ltr'><strong>De</strong></span> <span class='ocrx_word' id='word_1_139' title='bbox 926 1769 999 1842; x_wconf 93' lang='grc'>101,</span> <span class='ocrx_word' id='word_1_140' title='bbox 1027 1767 1097 1842; x_wconf 92' lang='lat' dir='ltr'><strong>quia</strong></span> <span class='ocrx_word' id='word_1_141' title='bbox 1124 1766 1142 1824; x_wconf 91' lang='grc' dir='ltr'><em>δ</em></span> <span class='ocrx_word' id='word_1_142' title='bbox 1170 1771 1200 1826; x_wconf 88' lang='lat' dir='ltr'><strong>et</strong></span> <span class='ocrx_word' id='word_1_143' title='bbox 1227 1789 1241 1824; x_wconf 82' lang='grc' dir='ltr'><strong><em>τ</em></strong></span> <span class='ocrx_word' id='word_1_144' title='bbox 1265 1767 1412 1825; x_wconf 84' lang='lat' dir='ltr'><strong>alternari</strong></span> 
     </span>
     <span class='ocr_line' id='line_1_16' title="bbox 234 1858 1411 1944; baseline 0.003 -22"><span class='ocrx_word' id='word_1_145' title='bbox 234 1884 319 1940; x_wconf 82' lang='lat' dir='ltr'><strong>posse</strong></span> <span class='ocrx_word' id='word_1_146' title='bbox 362 1867 467 1924; x_wconf 85' lang='lat' dir='ltr'><strong>similis</strong></span> <span class='ocrx_word' id='word_1_147' title='bbox 510 1867 692 1943; x_wconf 75' lang='lat' dir='ltr'>ambiguitas</span> <span class='ocrx_word' id='word_1_148' title='bbox 729 1865 882 1924; x_wconf 86' lang='lat' dir='ltr'><strong>nominum</strong></span> <span class='ocrx_word' id='word_1_149' title='bbox 916 1858 1140 1943; x_wconf 81' lang='grc' dir='ltr'><strong><em>Ἀδραμύττειον</em></strong></span> <span class='ocrx_word' id='word_1_150' title='bbox 1179 1858 1411 1944; x_wconf 78' lang='grc' dir='ltr'><strong><em>Ἀτραμυτιειον,</em></strong></span> 
     </span>
     <span class='ocr_line' id='line_1_17' title="bbox 233 1955 1410 2044; baseline 0.002 -23"><span class='ocrx_word' id='word_1_151' title='bbox 233 1964 461 2043; x_wconf 84' lang='grc' dir='ltr'><strong><em>Μῃκυβερναῑοι</em></strong></span> <span class='ocrx_word' id='word_1_152' title='bbox 484 1967 714 2042; x_wconf 82' lang='grc' dir='ltr'><strong><em>Μῃκυπερναῐοι</em></strong></span> <span class='ocrx_word' id='word_1_153' title='bbox 737 1956 789 2044; x_wconf 86' lang='lat' dir='ltr'><strong>(ef.</strong></span> <span class='ocrx_word' id='word_1_154' title='bbox 814 1964 874 2021; x_wconf 83' lang='lat' dir='ltr'><strong>ind.</strong></span> <span class='ocrx_word' id='word_1_155' title='bbox 899 1962 967 2021; x_wconf 84' lang='lat' dir='ltr'><strong>CIA</strong></span> <span class='ocrx_word' id='word_1_156' title='bbox 985 1955 1024 2042; x_wconf 87' lang='grc' dir='ltr'>Ι),</span> <span class='ocrx_word' id='word_1_157' title='bbox 1044 1956 1263 2041; x_wconf 73' lang='grc' dir='ltr'><strong><em>Ἀμβρακιώτης</em></strong></span> <span class='ocrx_word' id='word_1_158' title='bbox 1282 1958 1410 2043; x_wconf 82' lang='grc' dir='ltr'><strong><em>Ἀμπρα-</em></strong></span> 
     </span>
     <span class='ocr_line' id='line_1_18' title="bbox 232 2050 1410 2143; baseline 0.002 -23"><span class='ocrx_word' id='word_1_159' title='bbox 232 2056 338 2140; x_wconf 74' lang='grc' dir='ltr'><strong>κιώτης</strong></span> <span class='ocrx_word' id='word_1_160' title='bbox 362 2057 409 2140; x_wconf 85' lang='lat' dir='ltr'><strong>(ef.</strong></span> <span class='ocrx_word' id='word_1_161' title='bbox 434 2063 689 2136; x_wconf 79' lang='grc' dir='ltr'>Ηο1·ο(1.ΙΙ474,</span> <span class='ocrx_word' id='word_1_162' title='bbox 712 2054 765 2143; x_wconf 88' lang='grc'><strong>19)</strong></span> <span class='ocrx_word' id='word_1_163' title='bbox 790 2061 928 2133; x_wconf 80' lang='lat' dir='ltr'><strong>ostendit,</strong></span> <span class='ocrx_word' id='word_1_164' title='bbox 952 2050 1134 2139; x_wconf 83' lang='grc' dir='ltr'><strong><em>Σπαρδόκου</em></strong></span> <span class='ocrx_word' id='word_1_165' title='bbox 1158 2062 1318 2137; x_wconf 83' lang='lat' dir='ltr'><strong>legendum</strong></span> <span class='ocrx_word' id='word_1_166' title='bbox 1343 2081 1410 2122; x_wconf 85' lang='lat' dir='ltr'><strong>esse</strong></span> 
     </span>
     <span class='ocr_line' id='line_1_19' title="bbox 233 2156 1411 2238; baseline 0 -19"><span class='ocrx_word' id='word_1_167' title='bbox 233 2161 399 2237; x_wconf 90' lang='lat' dir='ltr'><strong>videretur,</strong></span> <span class='ocrx_word' id='word_1_168' title='bbox 427 2162 484 2219; x_wconf 86' lang='lat' dir='ltr'><strong>nisi</strong></span> <span class='ocrx_word' id='word_1_169' title='bbox 511 2162 542 2220; x_wconf 91' lang='lat' dir='ltr'><strong>in</strong></span> <span class='ocrx_word' id='word_1_170' title='bbox 570 2160 700 2220; x_wconf 88' lang='lat' dir='ltr'><strong>nummis</strong></span> <span class='ocrx_word' id='word_1_171' title='bbox 729 2160 818 2218; x_wconf 87' lang='lat' dir='ltr'><strong>huius</strong></span> <span class='ocrx_word' id='word_1_172' title='bbox 846 2159 941 2235; x_wconf 86' lang='lat' dir='ltr'><strong>ipsius</strong></span> <span class='ocrx_word' id='word_1_173' title='bbox 971 2156 1156 2235; x_wconf 81' lang='lat' dir='ltr'><strong>Odrysarum</strong></span> <span class='ocrx_word' id='word_1_174' title='bbox 1186 2162 1266 2237; x_wconf 82' lang='lat' dir='ltr'><strong>regis</strong></span> <span class='ocrx_word' id='word_1_175' title='bbox 1291 2163 1411 2238; x_wconf 90' lang='grc' dir='ltr'><strong><em>Σπαρα-</em></strong></span> 
     </span>
     <span class='ocr_line' id='line_1_20' title="bbox 233 2251 1411 2339; baseline 0 -23"><span class='ocrx_word' id='word_1_176' title='bbox 233 2252 324 2317; x_wconf 87' lang='grc' dir='ltr'><em>δόκου</em></span> <span class='ocrx_word' id='word_1_177' title='bbox 348 2260 500 2334; x_wconf 83' lang='lat' dir='ltr'><strong>legeretur</strong></span> <span class='ocrx_word' id='word_1_178' title='bbox 523 2253 574 2339; x_wconf 83' lang='lat' dir='ltr'><strong>(ef.</strong></span> <span class='ocrx_word' id='word_1_179' title='bbox 594 2260 672 2317; x_wconf 92' lang='lat' dir='ltr'><strong>Bull.</strong></span> <span class='ocrx_word' id='word_1_180' title='bbox 696 2258 733 2316; x_wconf 90' lang='lat' dir='ltr'><strong>de</strong></span> <span class='ocrx_word' id='word_1_181' title='bbox 752 2277 880 2332; x_wconf 83' lang='lat' dir='ltr'><strong>corresp.</strong></span> <span class='ocrx_word' id='word_1_182' title='bbox 902 2257 1017 2316; x_wconf 77' lang='lat' dir='ltr'><strong>Hellen.</strong></span> <span class='ocrx_word' id='word_1_183' title='bbox 1037 2257 1084 2314; x_wconf 89' lang='lat' dir='ltr'><strong>III</strong></span> <span class='ocrx_word' id='word_1_184' title='bbox 1107 2280 1134 2334; x_wconf 90' lang='lat' dir='ltr'><strong>p.</strong></span> <span class='ocrx_word' id='word_1_185' title='bbox 1155 2261 1219 2318; x_wconf 82' lang='lat'><strong>409</strong></span> <span class='ocrx_word' id='word_1_186' title='bbox 1231 2251 1308 2339; x_wconf 85' lang='lat' dir='ltr'><strong>sqq.)</strong></span> <span class='ocrx_word' id='word_1_187' title='bbox 1348 2259 1411 2317; x_wconf 86' lang='lat' dir='ltr'><strong>Rex</strong></span> 
     </span>
     <span class='ocr_line' id='line_1_21' title="bbox 233 2341 1412 2435; baseline 0.001 -21"><span class='ocrx_word' id='word_1_188' title='bbox 233 2357 393 2415; x_wconf 80' lang='lat' dir='ltr'><strong>Persarum</strong></span> <span class='ocrx_word' id='word_1_189' title='bbox 408 2358 518 2432; x_wconf 92' lang='lat' dir='ltr'><strong>ubique</strong></span> <span class='ocrx_word' id='word_1_190' title='bbox 532 2359 563 2415; x_wconf 90' lang='lat' dir='ltr'><strong>in</strong></span> <span class='ocrx_word' id='word_1_191' title='bbox 582 2361 668 2432; x_wconf 86' lang='lat' dir='ltr'><strong>parte</strong></span> <span class='ocrx_word' id='word_1_192' title='bbox 687 2357 832 2414; x_wconf 86' lang='lat' dir='ltr'><strong>librorum</strong></span> <span class='ocrx_word' id='word_1_193' title='bbox 847 2341 1032 2433; x_wconf 76' lang='grc' dir='ltr'><strong><em>Ἀρτοξέρξης</em></strong></span> <span class='ocrx_word' id='word_1_194' title='bbox 1051 2359 1184 2435; x_wconf 84' lang='lat' dir='ltr'><strong>vocatur,</strong></span> <span class='ocrx_word' id='word_1_195' title='bbox 1204 2357 1282 2432; x_wconf 88' lang='lat' dir='ltr'><strong>qued</strong></span> <span class='ocrx_word' id='word_1_196' title='bbox 1301 2376 1412 2416; x_wconf 88' lang='lat' dir='ltr'><strong>nemen</strong></span> 
     </span>
     <span class='ocr_line' id='line_1_22' title="bbox 234 2447 1410 2533; baseline 0.003 -22"><span class='ocrx_word' id='word_1_197' title='bbox 234 2454 373 2512; x_wconf 87' lang='lat' dir='ltr'><strong>vitiatum</strong></span> <span class='ocrx_word' id='word_1_198' title='bbox 401 2474 466 2514; x_wconf 84' lang='lat' dir='ltr'><strong>esse</strong></span> <span class='ocrx_word' id='word_1_199' title='bbox 494 2475 553 2513; x_wconf 88' lang='lat' dir='ltr'><strong>nen</strong></span> <span class='ocrx_word' id='word_1_200' title='bbox 582 2457 679 2513; x_wconf 87' lang='lat' dir='ltr'><strong>solum</strong></span> <span class='ocrx_word' id='word_1_201' title='bbox 708 2452 846 2512; x_wconf 83' lang='lat' dir='ltr'><strong>similiter</strong></span> <span class='ocrx_word' id='word_1_202' title='bbox 874 2453 1039 2527; x_wconf 86' lang='lat' dir='ltr'><strong>eempesita</strong></span> <span class='ocrx_word' id='word_1_203' title='bbox 1059 2447 1236 2532; x_wconf 78' lang='grc' dir='ltr'><em>Ἀρτάβαζος</em></span> <span class='ocrx_word' id='word_1_204' title='bbox 1260 2458 1290 2514; x_wconf 91' lang='lat' dir='ltr'><strong>et</strong></span> <span class='ocrx_word' id='word_1_205' title='bbox 1309 2448 1410 2533; x_wconf 85' lang='grc' dir='ltr'><strong><em>Ἀρτα-</em></strong></span> 
     </span>
     <span class='ocr_line' id='line_1_23' title="bbox 235 2548 1411 2629; baseline 0.003 -19"><span class='ocrx_word' id='word_1_206' title='bbox 235 2548 359 2629; x_wconf 82' lang='grc' dir='ltr'><strong><em>φέρνης,</em></strong></span> <span class='ocrx_word' id='word_1_207' title='bbox 388 2553 440 2611; x_wconf 90' lang='lat' dir='ltr'><strong>sed</strong></span> <span class='ocrx_word' id='word_1_208' title='bbox 469 2554 559 2611; x_wconf 86' lang='lat' dir='ltr'><strong>etiam</strong></span> <span class='ocrx_word' id='word_1_209' title='bbox 587 2552 635 2610; x_wconf 85' lang='lat' dir='ltr'><strong>DS</strong></span> <span class='ocrx_word' id='word_1_210' title='bbox 666 2554 714 2625; x_wconf 84' lang='lat'><strong>76,</strong></span> <span class='ocrx_word' id='word_1_211' title='bbox 742 2555 769 2610; x_wconf 94' lang='grc'><strong>1.</strong></span> <span class='ocrx_word' id='word_1_212' title='bbox 796 2552 845 2608; x_wconf 89' lang='grc'><strong>18.</strong></span> <span class='ocrx_word' id='word_1_213' title='bbox 872 2552 911 2608; x_wconf 88' lang='grc'><strong>33</strong></span> <span class='ocrx_word' id='word_1_214' title='bbox 940 2551 1154 2609; x_wconf 86' lang='lat' dir='ltr'><strong>demonstrant.</strong></span> <span class='ocrx_word' id='word_1_215' title='bbox 1206 2551 1323 2611; x_wconf 88' lang='lat' dir='ltr'><strong>Pariter</strong></span> <span class='ocrx_word' id='word_1_216' title='bbox 1355 2574 1411 2628; x_wconf 89' lang='lat' dir='ltr'><strong>pro</strong></span> 
     </span>
     <span class='ocr_line' id='line_1_24' title="bbox 233 2646 1413 2728; baseline 0.003 -21"><span class='ocrx_word' id='word_1_217' title='bbox 233 2646 378 2721; x_wconf 80' lang='grc' dir='ltr'><strong>Μυονέας</strong></span> <span class='ocrx_word' id='word_1_218' title='bbox 392 2650 437 2707; x_wconf 94' lang='grc' dir='ltr'><strong>ΠΙ</strong></span> <span class='ocrx_word' id='word_1_219' title='bbox 456 2654 527 2728; x_wconf 93' lang='grc'>102,</span> <span class='ocrx_word' id='word_1_220' title='bbox 548 2655 566 2709; x_wconf 95' lang='grc'>2</span> <span class='ocrx_word' id='word_1_221' title='bbox 588 2646 733 2722; x_wconf 82' lang='grc' dir='ltr'><strong><em>Μυονέας</em></strong></span> <span class='ocrx_word' id='word_1_222' title='bbox 752 2648 994 2709; x_wconf 88' lang='lat' dir='ltr'><strong>substituendum</strong></span> <span class='ocrx_word' id='word_1_223' title='bbox 1015 2652 1069 2720; x_wconf 86' lang='lat' dir='ltr'><strong>est,</strong></span> <span class='ocrx_word' id='word_1_224' title='bbox 1090 2670 1155 2707; x_wconf 90' lang='lat' dir='ltr'><strong>eum</strong></span> <span class='ocrx_word' id='word_1_225' title='bbox 1175 2651 1218 2708; x_wconf 86' lang='lat' dir='ltr'><strong>ita</strong></span> <span class='ocrx_word' id='word_1_226' title='bbox 1237 2654 1413 2710; x_wconf 80' lang='lat' dir='ltr'><strong>constanter</strong></span> 
     </span>
     <span class='ocr_line' id='line_1_25' title="bbox 232 2746 1410 2824; baseline 0.005 -21"><span class='ocrx_word' id='word_1_227' title='bbox 232 2766 339 2804; x_wconf 89' lang='lat' dir='ltr'><strong>nomen</strong></span> <span class='ocrx_word' id='word_1_228' title='bbox 363 2748 393 2805; x_wconf 92' lang='lat' dir='ltr'><strong>iu</strong></span> <span class='ocrx_word' id='word_1_229' title='bbox 417 2749 514 2807; x_wconf 87' lang='lat' dir='ltr'><strong>titulis</strong></span> <span class='ocrx_word' id='word_1_230' title='bbox 539 2749 689 2823; x_wconf 79' lang='lat' dir='ltr'><strong>Delphicis</strong></span> <span class='ocrx_word' id='word_1_231' title='bbox 714 2748 857 2823; x_wconf 88' lang='lat' dir='ltr'><strong>seriptum</strong></span> <span class='ocrx_word' id='word_1_232' title='bbox 888 2748 935 2806; x_wconf 86' lang='lat' dir='ltr'><strong>sit.</strong></span> <span class='ocrx_word' id='word_1_233' title='bbox 983 2746 1026 2806; x_wconf 80' lang='lat' dir='ltr'><strong>Of.</strong></span> <span class='ocrx_word' id='word_1_234' title='bbox 1051 2747 1101 2806; x_wconf 90' lang='lat' dir='ltr'><strong>DS</strong></span> <span class='ocrx_word' id='word_1_235' title='bbox 1128 2749 1190 2807; x_wconf 92' lang='grc'><strong>462</strong></span> <span class='ocrx_word' id='word_1_236' title='bbox 1215 2748 1316 2824; x_wconf 91' lang='lat' dir='ltr'><strong>ibique</strong></span> <span class='ocrx_word' id='word_1_237' title='bbox 1339 2750 1410 2809; x_wconf 89' lang='lat' dir='ltr'><strong>adn.</strong></span> 
     </span>
     <span class='ocr_line' id='line_1_26' title="bbox 234 2843 1411 2930; baseline 0.003 -28"><span class='ocrx_word' id='word_1_238' title='bbox 234 2843 345 2902; x_wconf 85' lang='lat' dir='ltr'><strong>Contra</strong></span> <span class='ocrx_word' id='word_1_239' title='bbox 363 2846 447 2903; x_wconf 91' lang='lat' dir='ltr'><strong>nulla</strong></span> <span class='ocrx_word' id='word_1_240' title='bbox 466 2849 512 2904; x_wconf 90' lang='lat' dir='ltr'><strong>est</strong></span> <span class='ocrx_word' id='word_1_241' title='bbox 531 2865 620 2905; x_wconf 87' lang='lat' dir='ltr'><strong>eausa</strong></span> <span class='ocrx_word' id='word_1_242' title='bbox 639 2865 691 2905; x_wconf 87' lang='lat' dir='ltr'><strong>eur</strong></span> <span class='ocrx_word' id='word_1_243' title='bbox 709 2846 752 2903; x_wconf 88' lang='lat' dir='ltr'><strong>IV</strong></span> <span class='ocrx_word' id='word_1_244' title='bbox 773 2850 824 2930; x_wconf 77' lang='lat'><strong>27,</strong></span> <span class='ocrx_word' id='word_1_245' title='bbox 843 2847 862 2904; x_wconf 89' lang='lat'><strong>3</strong></span> <span class='ocrx_word' id='word_1_246' title='bbox 883 2846 1063 2920; x_wconf 86' lang='lat' dir='ltr'><strong>optimorum</strong></span> <span class='ocrx_word' id='word_1_247' title='bbox 1087 2846 1234 2904; x_wconf 88' lang='lat' dir='ltr'><strong>librorum</strong></span> <span class='ocrx_word' id='word_1_248' title='bbox 1258 2847 1411 2922; x_wconf 81' lang='lat' dir='ltr'><strong>scriptura</strong></span> 
     </span>
     <span class='ocr_line' id='line_1_27' title="bbox 235 2936 1409 3025; baseline 0.002 -24"><span class='ocrx_word' id='word_1_249' title='bbox 235 2938 399 3020; x_wconf 83' lang='grc' dir='ltr'><strong><em>Θεογένους</em></strong></span> <span class='ocrx_word' id='word_1_250' title='bbox 423 2937 686 3024; x_wconf 72' lang='grc'>(1101111447.</span> <span class='ocrx_word' id='word_1_251' title='bbox 714 2943 808 3002; x_wconf 87' lang='lat' dir='ltr'><strong>Arist.</strong></span> <span class='ocrx_word' id='word_1_252' title='bbox 832 2943 921 3019; x_wconf 86' lang='lat' dir='ltr'><strong>Vesp.</strong></span> <span class='ocrx_word' id='word_1_253' title='bbox 946 2945 1038 3002; x_wconf 82' lang='lat'>1183.</span> <span class='ocrx_word' id='word_1_254' title='bbox 1063 2943 1119 3002; x_wconf 85' lang='lat' dir='ltr'><strong>Av.</strong></span> <span class='ocrx_word' id='word_1_255' title='bbox 1141 2936 1241 3025; x_wconf 90' lang='grc'>1127)</span> <span class='ocrx_word' id='word_1_256' title='bbox 1264 2946 1409 3020; x_wconf 86' lang='lat' dir='ltr'><strong>aequabi-</strong></span> 
     </span>
     <span class='ocr_line' id='line_1_28' title="bbox 232 3038 1409 3121; baseline 0.003 -23"><span class='ocrx_word' id='word_1_257' title='bbox 232 3040 327 3098; x_wconf 88' lang='lat' dir='ltr'><strong>litatis</strong></span> <span class='ocrx_word' id='word_1_258' title='bbox 351 3060 442 3100; x_wconf 84' lang='lat' dir='ltr'><strong>eausa</strong></span> <span class='ocrx_word' id='word_1_259' title='bbox 464 3045 587 3116; x_wconf 82' lang='lat' dir='ltr'><strong>propter</strong></span> <span class='ocrx_word' id='word_1_260' title='bbox 610 3042 634 3098; x_wconf 91' lang='lat' dir='ltr'>V</span> <span class='ocrx_word' id='word_1_261' title='bbox 662 3045 712 3116; x_wconf 87' lang='grc'>19,</span> <span class='ocrx_word' id='word_1_262' title='bbox 739 3045 765 3099; x_wconf 92' lang='grc'><strong>2.</strong></span> <span class='ocrx_word' id='word_1_263' title='bbox 796 3043 847 3118; x_wconf 92' lang='grc'><strong>24,</strong></span> <span class='ocrx_word' id='word_1_264' title='bbox 873 3045 889 3099; x_wconf 95' lang='grc'><strong>1</strong></span> <span class='ocrx_word' id='word_1_265' title='bbox 916 3042 945 3099; x_wconf 92' lang='lat' dir='ltr'><strong>iu</strong></span> <span class='ocrx_word' id='word_1_266' title='bbox 972 3038 1139 3121; x_wconf 71' lang='grc' dir='ltr'><strong><em>Θεαγένους</em></strong></span> <span class='ocrx_word' id='word_1_267' title='bbox 1164 3044 1308 3116; x_wconf 86' lang='lat' dir='ltr'><strong>mutetur,</strong></span> <span class='ocrx_word' id='word_1_268' title='bbox 1338 3064 1409 3102; x_wconf 87' lang='lat' dir='ltr'><strong>eum</strong></span> 
     </span>
     <span class='ocr_line' id='line_1_29' title="bbox 231 3138 1411 3216; baseline 0.002 -20"><span class='ocrx_word' id='word_1_269' title='bbox 231 3140 262 3196; x_wconf 91' lang='lat' dir='ltr'><strong>iu</strong></span> <span class='ocrx_word' id='word_1_270' title='bbox 287 3140 418 3216; x_wconf 84' lang='lat' dir='ltr'><strong>antiquis</strong></span> <span class='ocrx_word' id='word_1_271' title='bbox 438 3140 535 3198; x_wconf 87' lang='lat' dir='ltr'><strong>titulis</strong></span> <span class='ocrx_word' id='word_1_272' title='bbox 556 3143 683 3215; x_wconf 84' lang='lat' dir='ltr'><strong>utraque</strong></span> <span class='ocrx_word' id='word_1_273' title='bbox 702 3141 798 3198; x_wconf 87' lang='lat' dir='ltr'><strong>ferma</strong></span> <span class='ocrx_word' id='word_1_274' title='bbox 817 3138 987 3198; x_wconf 88' lang='lat' dir='ltr'><strong>inveniatur</strong></span> <span class='ocrx_word' id='word_1_275' title='bbox 1006 3143 1036 3198; x_wconf 93' lang='lat' dir='ltr'><strong>et</strong></span> <span class='ocrx_word' id='word_1_276' title='bbox 1055 3160 1126 3197; x_wconf 92' lang='lat' dir='ltr'><strong>num</strong></span> <span class='ocrx_word' id='word_1_277' title='bbox 1146 3139 1223 3198; x_wconf 90' lang='lat' dir='ltr'><strong>idem</strong></span> <span class='ocrx_word' id='word_1_278' title='bbox 1243 3140 1290 3199; x_wconf 84' lang='lat' dir='ltr'><strong>vir</strong></span> <span class='ocrx_word' id='word_1_279' title='bbox 1308 3142 1411 3216; x_wconf 88' lang='lat' dir='ltr'><strong>appel-</strong></span> 
     </span>
     <span class='ocr_line' id='line_1_30' title="bbox 233 3238 532 3298; baseline 0.01 -3"><span class='ocrx_word' id='word_1_280' title='bbox 233 3239 314 3296; x_wconf 85' lang='lat' dir='ltr'><strong>letur</strong></span> <span class='ocrx_word' id='word_1_281' title='bbox 337 3238 460 3296; x_wconf 88' lang='lat' dir='ltr'><strong>dubium</strong></span> <span class='ocrx_word' id='word_1_282' title='bbox 485 3238 532 3298; x_wconf 85' lang='lat' dir='ltr'><strong>sit.</strong></span> 
     </span>
    </p>

    <p class='ocr_par' dir='ltr' id='par_1_3' title="bbox 224 3330 1412 4491">
     <span class='ocr_line' id='line_1_31' title="bbox 320 3330 1410 3414; baseline 0 -20"><span class='ocrx_word' id='word_1_283' title='bbox 320 3336 363 3394; x_wconf 91' lang='lat' dir='ltr'><strong>Ut</strong></span> <span class='ocrx_word' id='word_1_284' title='bbox 389 3330 496 3412; x_wconf 78' lang='grc' dir='ltr'><strong><em>παιάν,</em></strong></span> <span class='ocrx_word' id='word_1_285' title='bbox 523 3357 612 3412; x_wconf 86' lang='lat' dir='ltr'><strong>quam</strong></span> <span class='ocrx_word' id='word_1_286' title='bbox 636 3337 730 3396; x_wconf 86' lang='lat' dir='ltr'><strong>selam</strong></span> <span class='ocrx_word' id='word_1_287' title='bbox 754 3337 880 3395; x_wconf 84' lang='lat' dir='ltr'><strong>formam</strong></span> <span class='ocrx_word' id='word_1_288' title='bbox 909 3337 1045 3413; x_wconf 85' lang='lat' dir='ltr'><strong>agnoseit</strong></span> <span class='ocrx_word' id='word_1_289' title='bbox 1069 3337 1177 3395; x_wconf 89' lang='lat' dir='ltr'><strong>Herod.</strong></span> <span class='ocrx_word' id='word_1_290' title='bbox 1202 3337 1232 3394; x_wconf 89' lang='lat' dir='ltr'><strong>II</strong></span> <span class='ocrx_word' id='word_1_291' title='bbox 1258 3339 1331 3414; x_wconf 87' lang='grc'>626,</span> <span class='ocrx_word' id='word_1_292' title='bbox 1358 3340 1410 3397; x_wconf 88' lang='grc'><strong>13.</strong></span> 
     </span>
     <span class='ocr_line' id='line_1_32' title="bbox 234 3427 1409 3516; baseline 0.003 -25"><span class='ocrx_word' id='word_1_293' title='bbox 234 3435 306 3510; x_wconf 85' lang='grc'>642,</span> <span class='ocrx_word' id='word_1_294' title='bbox 334 3436 380 3492; x_wconf 88' lang='grc'><strong>10.</strong></span> <span class='ocrx_word' id='word_1_295' title='bbox 417 3437 488 3508; x_wconf 87' lang='grc'>717,</span> <span class='ocrx_word' id='word_1_296' title='bbox 512 3439 541 3495; x_wconf 93' lang='grc'><strong>4.</strong></span> <span class='ocrx_word' id='word_1_297' title='bbox 567 3439 595 3495; x_wconf 91' lang='grc'><strong>9,</strong></span> <span class='ocrx_word' id='word_1_298' title='bbox 621 3439 661 3494; x_wconf 87' lang='grc'><strong>15</strong></span> <span class='ocrx_word' id='word_1_299' title='bbox 691 3428 742 3513; x_wconf 81' lang='lat' dir='ltr'><strong>(ef.</strong></span> <span class='ocrx_word' id='word_1_300' title='bbox 765 3437 894 3506; x_wconf 84' lang='grc' dir='ltr'><strong><em>παιᾶνας</em></strong></span> <span class='ocrx_word' id='word_1_301' title='bbox 919 3434 987 3492; x_wconf 82' lang='lat' dir='ltr'><strong>OIA</strong></span> <span class='ocrx_word' id='word_1_302' title='bbox 1010 3434 1041 3493; x_wconf 89' lang='grc' dir='ltr'><strong>ΙΙ</strong></span> <span class='ocrx_word' id='word_1_303' title='bbox 1067 3438 1139 3512; x_wconf 86' lang='grc'>628,</span> <span class='ocrx_word' id='word_1_304' title='bbox 1167 3427 1231 3516; x_wconf 87' lang='grc'>19),</span> <span class='ocrx_word' id='word_1_305' title='bbox 1255 3435 1297 3494; x_wconf 87' lang='lat' dir='ltr'><strong>sie</strong></span> <span class='ocrx_word' id='word_1_306' title='bbox 1320 3457 1409 3495; x_wconf 88' lang='grc' dir='ltr'><strong><em>παια-</em></strong></span> 
     </span>
     <span class='ocr_line' id='line_1_33' title="bbox 232 3527 1412 3608; baseline 0.004 -20"><span class='ocrx_word' id='word_1_307' title='bbox 232 3530 321 3599; x_wconf 83' lang='grc' dir='ltr'><strong><em>νίζειν</em></strong></span> <span class='ocrx_word' id='word_1_308' title='bbox 348 3527 524 3608; x_wconf 88' lang='grc' dir='ltr'><strong><em>παιανισμός</em></strong></span> <span class='ocrx_word' id='word_1_309' title='bbox 552 3532 740 3590; x_wconf 86' lang='lat' dir='ltr'><strong>seribendum</strong></span> <span class='ocrx_word' id='word_1_310' title='bbox 771 3532 830 3607; x_wconf 88' lang='lat' dir='ltr'><strong>est,</strong></span> <span class='ocrx_word' id='word_1_311' title='bbox 859 3532 889 3589; x_wconf 88' lang='lat' dir='ltr'><strong>in</strong></span> <span class='ocrx_word' id='word_1_312' title='bbox 917 3533 1025 3606; x_wconf 88' lang='lat' dir='ltr'><strong>quibus</strong></span> <span class='ocrx_word' id='word_1_313' title='bbox 1054 3533 1208 3592; x_wconf 80' lang='lat' dir='ltr'><strong>uocabulis</strong></span> <span class='ocrx_word' id='word_1_314' title='bbox 1237 3532 1348 3608; x_wconf 89' lang='lat' dir='ltr'><strong>ubique</strong></span> <span class='ocrx_word' id='word_1_315' title='bbox 1378 3535 1412 3592; x_wconf 91' lang='lat' dir='ltr'><strong>in</strong></span> 
     </span>
     <span class='ocr_line' id='line_1_34' title="bbox 231 3626 1409 3706; baseline 0.006 -22"><span class='ocrx_word' id='word_1_316' title='bbox 231 3628 368 3702; x_wconf 82' lang='lat' dir='ltr'><strong>plurimis</strong></span> <span class='ocrx_word' id='word_1_317' title='bbox 392 3629 475 3688; x_wconf 85' lang='lat' dir='ltr'><strong>codd.</strong></span> <span class='ocrx_word' id='word_1_318' title='bbox 499 3651 521 3687; x_wconf 93' lang='grc' dir='ltr'><strong><em>ω</em></strong></span> <span class='ocrx_word' id='word_1_319' title='bbox 546 3650 599 3704; x_wconf 89' lang='lat' dir='ltr'><strong>pre</strong></span> <span class='ocrx_word' id='word_1_320' title='bbox 623 3654 642 3687; x_wconf 93' lang='grc' dir='ltr'><strong><em>α</em></strong></span> <span class='ocrx_word' id='word_1_321' title='bbox 666 3633 810 3706; x_wconf 86' lang='lat' dir='ltr'><strong>seriptum</strong></span> <span class='ocrx_word' id='word_1_322' title='bbox 833 3628 992 3687; x_wconf 86' lang='lat' dir='ltr'><strong>iuvenitur.</strong></span> <span class='ocrx_word' id='word_1_323' title='bbox 1030 3630 1126 3688; x_wconf 83' lang='lat' dir='ltr'><strong>Simili</strong></span> <span class='ocrx_word' id='word_1_324' title='bbox 1145 3653 1168 3689; x_wconf 86' lang='grc' dir='ltr'><strong><em>ω</em></strong></span> <span class='ocrx_word' id='word_1_325' title='bbox 1193 3633 1224 3690; x_wconf 89' lang='lat' dir='ltr'><strong>et</strong></span> <span class='ocrx_word' id='word_1_326' title='bbox 1247 3652 1265 3688; x_wconf 96' lang='grc' dir='ltr'><strong><em>α</em></strong></span> <span class='ocrx_word' id='word_1_327' title='bbox 1289 3626 1409 3691; x_wconf 85' lang='lat' dir='ltr'><strong>littera-</strong></span> 
     </span>
     <span class='ocr_line' id='line_1_35' title="bbox 231 3718 1409 3805; baseline 0.007 -23"><span class='ocrx_word' id='word_1_328' title='bbox 231 3746 298 3783; x_wconf 86' lang='lat' dir='ltr'><strong>rum</strong></span> <span class='ocrx_word' id='word_1_329' title='bbox 322 3727 541 3800; x_wconf 78' lang='lat' dir='ltr'><strong>permutatione</strong></span> <span class='ocrx_word' id='word_1_330' title='bbox 566 3718 724 3805; x_wconf 78' lang='grc' dir='ltr'><strong><em>Μεθώνῃν</em></strong></span> <span class='ocrx_word' id='word_1_331' title='bbox 743 3728 785 3785; x_wconf 88' lang='lat' dir='ltr'><strong>IV</strong></span> <span class='ocrx_word' id='word_1_332' title='bbox 806 3729 857 3803; x_wconf 85' lang='lat'><strong>45,</strong></span> <span class='ocrx_word' id='word_1_333' title='bbox 881 3730 907 3784; x_wconf 83' lang='lat'><strong>2.</strong></span> <span class='ocrx_word' id='word_1_334' title='bbox 937 3728 965 3784; x_wconf 93' lang='lat' dir='ltr'>V</span> <span class='ocrx_word' id='word_1_335' title='bbox 987 3730 1036 3804; x_wconf 83' lang='lat'><strong>18,</strong></span> <span class='ocrx_word' id='word_1_336' title='bbox 1062 3733 1078 3788; x_wconf 88' lang='grc'>7</span> <span class='ocrx_word' id='word_1_337' title='bbox 1104 3729 1135 3787; x_wconf 90' lang='lat' dir='ltr'><strong>in</strong></span> <span class='ocrx_word' id='word_1_338' title='bbox 1159 3728 1297 3787; x_wconf 85' lang='lat' dir='ltr'><strong>omuibus</strong></span> <span class='ocrx_word' id='word_1_339' title='bbox 1320 3729 1409 3790; x_wconf 89' lang='lat' dir='ltr'><strong>libris</strong></span> 
     </span>
     <span class='ocr_line' id='line_1_36' title="bbox 224 3822 1410 3904; baseline 0.006 -24"><span class='ocrx_word' id='word_1_340' title='bbox 224 3823 344 3899; x_wconf 83' lang='lat' dir='ltr'><strong>-legitur</strong></span> <span class='ocrx_word' id='word_1_341' title='bbox 368 3845 421 3899; x_wconf 89' lang='lat' dir='ltr'><strong>pre</strong></span> <span class='ocrx_word' id='word_1_342' title='bbox 443 3822 587 3902; x_wconf 81' lang='grc' dir='ltr'><strong><em>Μέθανα,</em></strong></span> <span class='ocrx_word' id='word_1_343' title='bbox 611 3828 689 3902; x_wconf 87' lang='lat' dir='ltr'><strong>quod</strong></span> <span class='ocrx_word' id='word_1_344' title='bbox 713 3846 768 3884; x_wconf 87' lang='lat' dir='ltr'><strong>suo</strong></span> <span class='ocrx_word' id='word_1_345' title='bbox 792 3829 925 3901; x_wconf 87' lang='lat' dir='ltr'><strong>tempere</strong></span> <span class='ocrx_word' id='word_1_346' title='bbox 949 3826 979 3882; x_wconf 88' lang='lat' dir='ltr'><strong>iu</strong></span> <span class='ocrx_word' id='word_1_347' title='bbox 1003 3827 1154 3901; x_wconf 88' lang='lat' dir='ltr'><strong>plerisque</strong></span> <span class='ocrx_word' id='word_1_348' title='bbox 1178 3827 1263 3886; x_wconf 89' lang='lat' dir='ltr'><strong>libris</strong></span> <span class='ocrx_word' id='word_1_349' title='bbox 1289 3826 1410 3904; x_wconf 84' lang='lat' dir='ltr'><strong>Thucy·</strong></span> 
     </span>
     <span class='ocr_line' id='line_1_37' title="bbox 232 3922 1408 4000; baseline 0.007 -23"><span class='ocrx_word' id='word_1_350' title='bbox 232 3922 326 3980; x_wconf 85' lang='lat' dir='ltr'><strong>dideis</strong></span> <span class='ocrx_word' id='word_1_351' title='bbox 359 3922 453 3982; x_wconf 87' lang='lat' dir='ltr'><strong>fuisse</strong></span> <span class='ocrx_word' id='word_1_352' title='bbox 485 3927 575 3999; x_wconf 87' lang='lat' dir='ltr'><strong>atque</strong></span> <span class='ocrx_word' id='word_1_353' title='bbox 608 3943 710 3981; x_wconf 87' lang='lat' dir='ltr'><strong>veram</strong></span> <span class='ocrx_word' id='word_1_354' title='bbox 742 3923 869 3981; x_wconf 87' lang='lat' dir='ltr'><strong>formam</strong></span> <span class='ocrx_word' id='word_1_355' title='bbox 901 3943 967 3982; x_wconf 84' lang='lat' dir='ltr'><strong>esse</strong></span> <span class='ocrx_word' id='word_1_356' title='bbox 994 3925 1127 3982; x_wconf 86' lang='lat' dir='ltr'><strong>testatur</strong></span> <span class='ocrx_word' id='word_1_357' title='bbox 1156 3924 1254 3982; x_wconf 82' lang='lat' dir='ltr'><strong>Strab.</strong></span> <span class='ocrx_word' id='word_1_358' title='bbox 1282 3945 1311 4000; x_wconf 90' lang='lat' dir='ltr'><strong>p.</strong></span> <span class='ocrx_word' id='word_1_359' title='bbox 1341 3927 1408 3985; x_wconf 82' lang='lat'><strong>374</strong></span> 
     </span>
     <span class='ocr_line' id='line_1_38' title="bbox 231 4009 1409 4099; baseline 0.006 -23"><span class='ocrx_word' id='word_1_360' title='bbox 231 4013 336 4094; x_wconf 76' lang='grc' dir='ltr'><strong><em>μεταξὺ</em></strong></span> <span class='ocrx_word' id='word_1_361' title='bbox 360 4014 392 4077; x_wconf 80' lang='grc' dir='ltr'><strong>δὲ</strong></span> <span class='ocrx_word' id='word_1_362' title='bbox 414 4021 572 4098; x_wconf 76' lang='grc' dir='ltr'><strong><em>Τροιζῆνος</em></strong></span> <span class='ocrx_word' id='word_1_363' title='bbox 595 4018 643 4079; x_wconf 82' lang='grc' dir='ltr'><strong>καὶ</strong></span> <span class='ocrx_word' id='word_1_364' title='bbox 663 4014 848 4099; x_wconf 78' lang='grc' dir='ltr'><strong><em>Ἐπιδαύρου</em></strong></span> <span class='ocrx_word' id='word_1_365' title='bbox 871 4020 979 4098; x_wconf 92' lang='grc' dir='ltr'><strong><em>χωρίον</em></strong></span> <span class='ocrx_word' id='word_1_366' title='bbox 997 4009 1036 4098; x_wconf 77' lang='grc' dir='ltr'><strong>ἦν</strong></span> <span class='ocrx_word' id='word_1_367' title='bbox 1055 4014 1184 4099; x_wconf 78' lang='grc' dir='ltr'><strong><em>ἐρυμνὸν</em></strong></span> <span class='ocrx_word' id='word_1_368' title='bbox 1202 4019 1338 4082; x_wconf 84' lang='grc' dir='ltr'><strong><em>Μέθανα</em></strong></span> <span class='ocrx_word' id='word_1_369' title='bbox 1358 4022 1409 4084; x_wconf 76' lang='grc' dir='ltr'><strong>καὶ</strong></span> 
     </span>
     <span class='ocr_line' id='line_1_39' title="bbox 231 4107 1410 4201; baseline 0.009 -29"><span class='ocrx_word' id='word_1_370' title='bbox 231 4109 407 4192; x_wconf 82' lang='grc' dir='ltr'><strong><em>χερρόνησος</em></strong></span> <span class='ocrx_word' id='word_1_371' title='bbox 422 4107 579 4194; x_wconf 71' lang='grc' dir='ltr'><strong><em>ὁμώνυμος</em></strong></span> <span class='ocrx_word' id='word_1_372' title='bbox 597 4112 705 4199; x_wconf 79' lang='grc' dir='ltr'><strong><em>τούτῳ·</em></strong></span> <span class='ocrx_word' id='word_1_373' title='bbox 724 4113 803 4195; x_wconf 80' lang='grc' dir='ltr'><strong><em>παρὰ</em></strong></span> <span class='ocrx_word' id='word_1_374' title='bbox 824 4120 997 4200; x_wconf 76' lang='grc' dir='ltr'><em>Θουκυδίδῃ</em></span> <span class='ocrx_word' id='word_1_375' title='bbox 1016 4116 1049 4179; x_wconf 76' lang='grc' dir='ltr'><strong>δὲ</strong></span> <span class='ocrx_word' id='word_1_376' title='bbox 1068 4118 1193 4179; x_wconf 79' lang='grc' dir='ltr'><strong><em>ἕνωσιν</em></strong></span> <span class='ocrx_word' id='word_1_377' title='bbox 1212 4112 1410 4201; x_wconf 71' lang='grc' dir='ltr'><strong><em>ἀντιγράφοις</em></strong></span> 
     </span>
     <span class='ocr_line' id='line_1_40' title="bbox 232 4208 1410 4299; baseline 0.008 -28"><span class='ocrx_word' id='word_1_378' title='bbox 232 4209 371 4291; x_wconf 80' lang='grc' dir='ltr'><strong><em>Μεθώνῃ</em></strong></span> <span class='ocrx_word' id='word_1_379' title='bbox 391 4212 508 4293; x_wconf 84' lang='grc' dir='ltr'><strong><em>φέρεται</em></strong></span> <span class='ocrx_word' id='word_1_380' title='bbox 528 4208 691 4294; x_wconf 81' lang='grc' dir='ltr'><strong><em>ὁμωνύμως</em></strong></span> <span class='ocrx_word' id='word_1_381' title='bbox 709 4221 743 4299; x_wconf 77' lang='grc' dir='ltr'><strong>τῃ</strong></span> <span class='ocrx_word' id='word_1_382' title='bbox 763 4217 967 4299; x_wconf 74' lang='grc' dir='ltr'><strong>Μακεδονικῇ.</strong></span> <span class='ocrx_word' id='word_1_383' title='bbox 1006 4219 1130 4277; x_wconf 77' lang='lat' dir='ltr'><strong>Accedit</strong></span> <span class='ocrx_word' id='word_1_384' title='bbox 1152 4219 1230 4294; x_wconf 88' lang='lat' dir='ltr'><strong>quod</strong></span> <span class='ocrx_word' id='word_1_385' title='bbox 1250 4213 1410 4282; x_wconf 75' lang='grc' dir='ltr'><strong><em>Μεθοίνιοι</em></strong></span> 
     </span>
     <span class='ocr_line' id='line_1_41' title="bbox 230 4310 1410 4399; baseline 0.008 -30"><span class='ocrx_word' id='word_1_386' title='bbox 230 4312 261 4369; x_wconf 92' lang='lat' dir='ltr'><strong>iu</strong></span> <span class='ocrx_word' id='word_1_387' title='bbox 292 4313 423 4371; x_wconf 85' lang='lat' dir='ltr'><strong>eiusdem</strong></span> <span class='ocrx_word' id='word_1_388' title='bbox 456 4315 599 4388; x_wconf 88' lang='lat' dir='ltr'><strong>temperis</strong></span> <span class='ocrx_word' id='word_1_389' title='bbox 632 4315 722 4373; x_wconf 85' lang='lat' dir='ltr'><strong>titulo</strong></span> <span class='ocrx_word' id='word_1_390' title='bbox 756 4310 814 4397; x_wconf 80' lang='lat'><strong>(14</strong></span> <span class='ocrx_word' id='word_1_391' title='bbox 845 4310 902 4399; x_wconf 93' lang='grc'><strong>46)</strong></span> <span class='ocrx_word' id='word_1_392' title='bbox 936 4320 1034 4376; x_wconf 86' lang='lat' dir='ltr'><strong>exstat</strong></span> <span class='ocrx_word' id='word_1_393' title='bbox 1067 4318 1097 4375; x_wconf 89' lang='lat' dir='ltr'><strong>et</strong></span> <span class='ocrx_word' id='word_1_394' title='bbox 1131 4313 1265 4376; x_wconf 82' lang='grc' dir='ltr'><strong><em>Μέθανα</em></strong></span> <span class='ocrx_word' id='word_1_395' title='bbox 1297 4338 1410 4379; x_wconf 89' lang='lat' dir='ltr'><strong>nemen</strong></span> 
     </span>
     <span class='ocr_line' id='line_1_42' title="bbox 232 4410 1412 4491; baseline 0.008 -23"><span class='ocrx_word' id='word_1_396' title='bbox 232 4410 331 4486; x_wconf 85' lang='lat' dir='ltr'><strong>oppidi</strong></span> <span class='ocrx_word' id='word_1_397' title='bbox 355 4431 415 4470; x_wconf 88' lang='lat' dir='ltr'><strong>nen</strong></span> <span class='ocrx_word' id='word_1_398' title='bbox 438 4412 533 4471; x_wconf 89' lang='lat' dir='ltr'><strong>solum</strong></span> <span class='ocrx_word' id='word_1_399' title='bbox 558 4432 575 4470; x_wconf 85' lang='lat' dir='ltr'><strong>a</strong></span> <span class='ocrx_word' id='word_1_400' title='bbox 598 4414 686 4473; x_wconf 78' lang='lat' dir='ltr'><strong>Paus,</strong></span> <span class='ocrx_word' id='word_1_401' title='bbox 711 4414 740 4472; x_wconf 90' lang='lat' dir='ltr'><strong>II</strong></span> <span class='ocrx_word' id='word_1_402' title='bbox 765 4417 816 4489; x_wconf 85' lang='lat'><strong>34,</strong></span> <span class='ocrx_word' id='word_1_403' title='bbox 841 4418 869 4474; x_wconf 85' lang='lat'><strong>3.</strong></span> <span class='ocrx_word' id='word_1_404' title='bbox 895 4418 912 4474; x_wconf 99' lang='grc'>4</span> <span class='ocrx_word' id='word_1_405' title='bbox 939 4417 969 4474; x_wconf 86' lang='lat' dir='ltr'><strong>et</strong></span> <span class='ocrx_word' id='word_1_406' title='bbox 993 4415 1071 4491; x_wconf 83' lang='lat' dir='ltr'><strong>Scyl.</strong></span> <span class='ocrx_word' id='word_1_407' title='bbox 1096 4417 1146 4490; x_wconf 89' lang='grc'>47,</span> <span class='ocrx_word' id='word_1_408' title='bbox 1176 4416 1227 4474; x_wconf 89' lang='lat' dir='ltr'><strong>sed</strong></span> <span class='ocrx_word' id='word_1_409' title='bbox 1256 4418 1347 4475; x_wconf 85' lang='lat' dir='ltr'><strong>etiem</strong></span> <span class='ocrx_word' id='word_1_410' title='bbox 1378 4419 1412 4478; x_wconf 90' lang='lat' dir='ltr'><strong>in</strong></span> 
     </span>
    </p>
   </div>
   <div class='ocr_carea' id='block_1_3' title="bbox 0 0 1518 4936">
    <p class='ocr_par' dir='ltr' id='par_1_4' title="bbox 0 0 1518 4936">
     <span class='ocr_line' id='line_1_43' title="bbox 0 0 1518 4936; baseline 0 0"><span class='ocrx_word' id='word_1_411' title='bbox 0 0 1518 4936; x_wconf 95' lang='lat' dir='ltr'><strong> </strong></span> 
     </span>
    </p>
   </div>
  </div>
 </body>
</html>
