3022 4936
642 362 859 426 ...64-

162 533 278 605 θοῖντο,
303 530 521 604 ξυνεπιθοῖυτο,
544 531 691 605 προοῖντο,
714 529 868 603 προθοῖτο,
892 529 950 586 nisi
968 529 1047 603 quod
1065 528 1173 586 tertiae
1191 545 1345 601 personae

165 628 277 701 partim
296 628 372 687 falso
395 619 678 707 προπαροξύνονται,
702 625 780 701 quod
803 624 883 683 idem
906 644 1065 701 perperam
1087 626 1119 682 iu
1142 625 1344 685 coniunctivis

163 722 334 800 ἐπιθῶνται,
358 723 508 802 ἐπιθῆται,
534 723 712 798 ξυνθῶνται,
735 710 878 800 προῆσθε,
901 725 1078 801 προσθῆσθε
1100 723 1165 781 fie'ri
1187 721 1302 782 Herod.
1329 720 1346 780 Ι

164 823 270 894 462,1
292 826 451 898 praecepto
468 820 668 897 cognoscitur.
707 819 897 880 Aou'storum
916 819 1013 898 ἔθηκα
1031 823 1061 879 et
1080 818 1177 879 ἔδωκα
1196 818 1227 877 in
1240 820 1345 879 titulis

163 918 273 977 Atticis
287 921 357 979 ante
372 940 398 979 a.
410 922 473 980 376
485 939 511 978 a.
526 918 578 978 Ch.
595 917 756 993 singularis
771 922 889 978 tantum
903 920 994 978 activi
1011 921 1108 978 exstat
1122 910 1173 999 (cf.
1184 917 1344 976 Meisterh.

162 1013 182 1090 ᾗ
202 1018 253 1090 42,
274 1007 308 1096 3)
332 1036 429 1093 neque
452 1018 541 1076 aliter
563 1015 595 1074 hi
618 1019 649 1074 et
672 1034 733 1074 aor.
756 1005 814 1093 ῆκα
837 1018 869 1074 in
888 1016 1027 1090 Aeschyli
1049 1019 1080 1075 et
1099 1015 1256 1092 Sophoclis
1280 1018 1345 1074 tra

162 1115 277 1189 goediis
301 1115 451 1192 leguntur.
493 1114 711 1189 Aristophanes
735 1133 851 1190 quoque
875 1115 997 1189 reliquis
1021 1113 1126 1172 formis
1154 1113 1346 1173 abstinuisse

162 1211 295 1288 ridetur,
323 1232 390 1271 cum
418 1212 491 1272 Aah.
523 1215 583 1271 101
615 1204 766 1282 ξονείκαθ’
794 1231 849 1287 pro
878 1205 1025 1289 ξυνήκαθ’
1051 1230 1161 1287 ponere
1188 1211 1281 1270 liceat
1313 1215 1348 1271 et

163 1310 242 1383 quod
269 1310 300 1367 iu
328 1311 499 1386 anapaestis
524 1309 604 1367 Nub.
630 1309 693 1368 908
722 1310 834 1386 legitur
861 1306 1082 1388 ἐντειναμένους
1109 1302 1164 1386 τῆν
1191 1301 1347 1386 ἁρμονίαν

161 1398 202 1483 ῆν
233 1406 265 1466 οἱ
294 1405 413 1487 πατέρες
445 1405 621 1485 παρέδωκαν
654 1424 712 1463 uon
745 1407 842 1465 solum
875 1406 931 1466 hae
962 1409 1029 1482 ipsa
1056 1426 1089 1465 re
1117 1406 1347 1466 excusationem

163 1503 282 1581 habeat,
306 1507 358 1565 sed
382 1507 473 1565 etiam
497 1525 531 1564 eo
555 1505 635 1580 quod
658 1504 709 1562 ille
733 1505 857 1563 carmini
880 1504 983 1581 lyrico,
1006 1506 1136 1564 fortasse
1159 1504 1211 1562 uni
1235 1522 1347 1563 eorum

164 1621 240 1676 quae
263 1604 396 1678 proximo
420 1623 511 1664 versu
534 1603 720 1678 memoravit,
744 1603 879 1661 alludere
902 1603 1030 1662 videtur.
1074 1602 1180 1677 Neque
1203 1602 1234 1659 iu
1259 1603 1348 1678 frag-

163 1701 271 1759 mentis
295 1704 452 1776 poe'tarum
474 1701 586 1761 veteris
611 1700 779 1759 comoediae
802 1701 898 1758 ullum
927 1701 1073 1760 eiusmodi
1095 1700 1267 1774 exemplum
1293 1719 1346 1759 ex-

163 1800 232 1856 stat.
280 1797 442 1874 Complura
465 1800 545 1874 apud
568 1797 743 1872 Euripidem
767 1801 850 1876 sunt,
878 1799 922 1857 ita
945 1802 979 1856 ut
1002 1799 1049 1858 hic
1071 1798 1147 1857 talia
1169 1798 1286 1873 primus
1313 1798 1347 1856 in

163 1913 328 1954 sermonem
352 1898 451 1973 poesis
475 1897 627 1956 scaenicae
655 1895 803 1970 recepisse
830 1896 977 1955 videatur.
1024 1895 1069 1954 Cf.
1091 1889 1209 1973 ἀνῆκαν
1232 1895 1348 1954 Bacch.

163 1994 238 2069 458,
265 1996 404 2072 καθῆκαν
432 1996 495 2055 Ion.
521 1997 616 2069 1200,
644 1991 760 2070 ἔθηκαν
783 1993 870 2052 Herc.
895 1995 969 2053 590.
1002 1993 1073 2052 Ηεο.
1100 1993 1195 2051 1156.
1227 1991 1347 2052 Phoen.

163 2093 215 2150 30.
249 2088 300 2150 Or.
330 2094 424 2153 1166.
456 2096 554 2169 1641,
583 2083 735 2170 ἐδώκαμεν
763 2090 842 2166 Oyol.
873 2094 950 2167 296,
978 2084 1195 2170 προυδῶκαμεν
1222 2089 1347 2149 Heraol.

163 2189 238 2263 463,
261 2185 407 2260 ἐξέδωκαν
430 2191 548 2250 Heracl.
574 2193 646 2265 319,
674 2186 850 2268 παρέδωκαν
873 2189 951 2248 Med.
976 2191 1048 2265 629,
1072 2177 1271 2267 προσηκάμην
1296 2183 1346 2252 ΕΙ,

164 2288 236 2345 622.
268 2288 369 2347 Etiam
389 2289 443 2348 Th.
464 2289 663 2364 antiquiorem
685 2307 774 2346 usum
796 2287 916 2347 videtur
940 2290 1060 2347 secutus
1084 2305 1158 2359 esse,
1182 2305 1249 2346 curn
1274 2303 1347 2343 eon-

162 2384 278 2442 stanter
306 2386 386 2459 apud
415 2407 483 2444 eum
512 2384 621 2444 ἔθεσαν
648 2388 679 2445 et
706 2383 829 2462 ἔδοσαν,
864 2388 895 2444 et
923 2385 1070 2460 simplicia
1102 2386 1134 2443 et
1165 2383 1345 2460 composita,

163 2481 318 2556 legantur,
346 2484 404 2541 nisi
433 2485 512 2560 quod
538 2484 562 2540 V
587 2487 638 2561 32,
664 2487 679 2541 1
706 2483 746 2541 Μ.
774 2479 889 2540 ἔδωκαν
916 2501 969 2557 pro
995 2479 1103 2540 ἔδοσαν
1125 2481 1231 2555 habet,
1259 2482 1344 2556 quod

162 2577 226 2636 sine
259 2578 349 2637 dubio
385 2581 510 2640 librario
543 2581 670 2640 debetur
702 2579 899 2638 recentiorem
929 2580 1056 2638 formam
1089 2597 1142 2655 pro
1170 2578 1344 2653 antiquiore

162 2675 365 2737 substituenti.
407 2678 514 2754 Itaque
537 2699 575 2738 ne
598 2680 737 2757 παρῆκαν
760 2677 880 2752 quidem
901 2675 945 2733 IV
964 2678 1052 2755 38,1
1080 2678 1111 2735 et
1132 2669 1256 2754 ἀφῆκαν
1281 2675 1344 2733 VH

165 2776 214 2849 19,
237 2777 258 2833 4
288 2775 368 2850 apud
392 2797 460 2836 eum
484 2777 603 2836 videtur
626 2777 815 2836 tolerandum
838 2794 917 2851 esse,
945 2775 1123 2850 praesertim
1147 2793 1215 2833 eum
1238 2773 1342 2849 priore

161 2871 226 2930 loco
256 2872 339 2931 codd.
367 2875 516 2949 scriptura
547 2875 671 2934 fluctuet
703 2866 853 2955 (παρῆκον
881 2873 949 2932 Vat.
977 2874 1054 2948 Pau,
1088 2876 1230 2951 παρεῖκον
1263 2890 1341 2930 corr.

163 2969 201 3029 It.
224 2971 316 3047 Aug.,
345 2976 488 3051 nopsiaco
510 2973 538 3031 b.
562 2963 628 3051 Β),
658 2973 710 3030 sed
733 2971 956 3029 rescribendum
979 2975 1123 3048 παρεῖσαν
1146 2973 1178 3029 et
1200 2962 1342 3046 ἀφεῖσαν,

162 3068 277 3142 pariter
304 3073 395 3146 atque
422 3070 544 3146 reliquis
559 3070 646 3130 'locis
674 3062 796 3128 ἀνεῖσαν
823 3069 851 3125 V
879 3071 931 3143 32,
959 3072 989 3143 4,
1019 3064 1147 3145 ἀφεῖσαν
1175 3069 1203 3125 V
1232 3070 1285 3142 81,
1312 3070 1341 3127 1.

163 3164 221 3222 VII
245 3169 295 3244 53,
319 3170 339 3227 4
363 3169 509 3228 traditum
534 3173 589 3229 est.
626 3169 756 3228 Perfeoti
778 3169 809 3227 et
831 3169 1116 3243 plusquamperfeeti
1139 3165 1231 3226 activi
1253 3164 1343 3224 verbi

161 3261 258 3341 ἴστημι
290 3266 439 3342 longiores
471 3268 584 3327 formas
616 3271 735 3342 praeter
767 3267 920 3327 breviores
952 3267 984 3324 in
1016 3285 1073 3326 usu
1105 3266 1199 3326 fuisse
1230 3267 1262 3324 et
1293 3264 1340 3322 in-

162 3362 338 3437 scriptiones
367 3358 536 3446 (Meisterh.
563 3365 583 3439 §
609 3367 661 3444 42,
691 3356 757 3445 4ο)
786 3368 817 3424 et
849 3368 1005 3441 poetarum
1033 3365 1236 3424 scaenicorum
1264 3380 1342 3421 usus

162 3451 212 3537 (cf.
237 3459 326 3535 Soph.
350 3461 397 3520 Αἰ.
422 3465 516 3521 1074.
540 3463 610 3520 Eur.
635 3462 717 3540 Cycl.
737 3464 810 3521 681.
833 3462 901 3522 Hel.
921 3464 995 3523 438.
1019 3463 1127 3538 fragm.
1146 3462 1219 3521 994.
1243 3460 1342 3518 Arist.

162 3557 218 3616 Av.
239 3549 319 3638 554)
338 3560 540 3633 comprobant.
579 3559 663 3628 Quod
682 3560 720 3618 ad
739 3560 873 3618 eiusdem
896 3560 980 3619 verbi
1002 3558 1195 3635 participium
1218 3557 1341 3633 attinet,

162 3653 210 3711 ΙΙΙ
235 3657 300 3730 9,1
327 3649 359 3714 τὸ
382 3650 532 3726 καθεστώς
556 3659 586 3713 et
609 3656 652 3713 IV
678 3659 728 3735 10,
754 3661 770 3715 1
795 3652 826 3718 τὸ
850 3652 1006 3737 περιεστώς
1029 3652 1070 3736 (v.
1093 3658 1113 3715 l.
1136 3647 1168 3715 τὸ
1192 3647 1342 3726 καθεστὸς

161 3755 192 3810 et
220 3744 253 3810 τὸ
285 3744 445 3832 περιεστὸς)
477 3752 667 3811 scribendum
700 3772 765 3814 esse
797 3760 829 3815 et
861 3776 896 3816 eo
928 3758 1054 3832 apparet
1086 3755 1165 3830 quod
1193 3755 1340 3812 neutrum

161 3843 250 3921 ἑστώς
281 3869 317 3908 ex
349 3843 449 3921 ἑσταός
481 3850 594 3909 factum
627 3854 673 3910 est
699 3855 751 3927 et,
775 3857 810 3912 ut
837 3855 938 3913 docuit
966 3853 1148 3912 Riemannus
1178 3846 1272 3930 (Bull.
1301 3851 1340 3909 de

161 3966 288 4022 corresp.
312 3947 429 4007 Hellen.
452 3948 499 4006 III
517 3970 545 4024 p.
565 3943 705 4036 44lsq.),
728 3953 993 4027 grammaticorum
1015 3949 1196 4010 testimoniis
1220 3939 1339 4028 (Etym.

161 4065 260 4122 magn.
284 4048 358 4120 224,
384 4049 410 4104 9.
458 4045 592 4105 Grameri
615 4047 725 4107 Auecd.
749 4047 780 4106 ΙΙ
802 4069 830 4124 p.
855 4052 928 4109 111.
955 4041 1031 4130 152)
1056 4048 1258 4108 confirmatur.
1301 4047 1340 4105 In

163 4144 360 4218 suspicionem
387 4164 446 4203 nou
474 4145 613 4204 videntur
641 4147 775 4205 vocanda
800 4166 866 4207 esse
890 4140 1072 4207 ἀπολλύουσι
1094 4166 1147 4223 pro
1171 4139 1340 4206 ἀπολλύασι

161 4237 205 4296 IV
230 4242 280 4318 25,
305 4243 323 4299 5
348 4245 380 4301 et
403 4236 524 4319 ὤμνυον
546 4262 600 4318 pro
624 4238 767 4321 ὤμνυσαν
790 4245 817 4301 V
843 4249 900 4322 19,
917 4249 945 4305 2.
971 4247 1022 4318 24,
1049 4250 1075 4318 l,
1098 4245 1169 4320 quia
1191 4245 1223 4303 in
1241 4243 1339 4305 Arist.

161 4335 241 4395 Plut.
272 4343 333 4398 719
362 4335 635 4419 συμπαραμιγνύων
663 4346 758 4401 metro
786 4344 964 4403 defenditur.
1017 4343 1060 4400 De
1091 4342 1341 4418 inscriptionibus

162 4433 286 4493 dubium
310 4438 429 4514 quidem
453 4438 846 4515 estnum014193,11
872 4435 1150 4519 <ἀμ>φιεννύουσιν
1174 4460 1213 4500 an
1236 4435 1341 4522 <ἀμ>·
