3022 4936
2 818 15 1215 -ῌΐΐ-ΞΕΓ--υ-υ-ΗΞὈΑΞΕἾ
4 782 16 793 ,ἵ
2 724 11 764 Α-“““
14 675 17 696 Ἢ
14 584 18 656 *»„„-

3 1240 23 1421 ἸΕΞΓ-Ρ-Ξ-ι--εη-
3 1220 11 1235 -''

16 1670 23 1697 -ἕ
3 1582 23 1605 .-“
3 1566 6 1571 “
3 1424 24 1551 -ssf-A'ff‘

816 322 1029 386 ..23-

336 489 366 545 in
396 488 487 546 Thuc.
517 480 590 568 (ind.
619 491 686 548 lect.
714 489 839 548 Vratisl.
868 509 894 546 a.
927 481 1080 566 1876ί77)
1109 509 1136 563 p.
1166 490 1199 564 3,
1232 489 1336 563 postea
1364 487 1395 544 in
1423 485 1501 544 Anal

337 587 401 645 crit.
425 589 457 644 et
479 607 571 661 gram.
602 580 676 668 (ind.
700 591 766 648 lect.
791 588 915 646 Vratisl.
938 605 964 644 a.
991 577 1145 665 1877s78)
1174 607 1202 661 p.
1229 589 1265 643 11
1279 604 1355 662 sqq,
1383 584 1507 642 maxim

337 688 515 759 commotus,
545 690 579 745 ut
606 686 737 762 videtur,
767 685 857 743 simili
887 682 966 759 qued
994 684 1021 740 ei
1044 684 1175 743 innotuit
1199 684 1332 758 exemplo
1357 682 1509 740 PlatonIc

338 784 414 842 Phil.
447 785 525 843 58b
558 777 594 843 οδ
625 833 631 844 .
664 832 669 843 .
702 830 708 842 .
740 785 834 842 τοῦτο·
858 779 946 860 έγωγε
979 774 1101 857 ἐζήτουν
1133 802 1194 856 πω,
1228 779 1270 851 τίς
1300 776 1385 858 τέχνη
1417 772 1437 856 ἢ
1471 780 1511 839 τί

337 874 476 958 ἐπιστήμη
500 883 604 941 πασῶν
627 878 760 959 διαφέρει
782 884 822 964 τῷ
855 878 973 958 μεγίστη
1006 876 1054 936 καί
1085 871 1186 955 ἀρίστη
1215 874 1265 937 καὶ
1291 879 1409 938 πλείστα
1433 871 1499 955 cipe

336 981 427 1038 λοῦσα
454 972 546 1056 ἡμᾶς,
584 980 763 1038 sententiam
792 978 978 1053 aliquantum
1007 979 1149 1054 mutavit,
1183 976 1386 1052 Thucydidem
1414 977 1511 1036 trihu

335 1079 408 1136 locis
427 1077 470 1135 IV
491 1079 541 1156 63,
564 1082 591 1136 1.
616 1078 657 1135 VI
680 1082 707 1151 l,
728 1081 755 1136 2.
783 1077 857 1134 VIII
879 1078 951 1149 105,
972 1079 990 1133 2
1015 1095 1033 1133 a
1057 1076 1193 1150 legitima
1217 1076 1332 1134 dicendi
1354 1079 1503 1135 consuetu

336 1175 404 1234 dine
428 1176 587 1235 descivisse
612 1177 669 1234 sibi
693 1175 889 1250 persuadens3
921 1173 971 1232 sed
995 1173 1026 1230 id
1049 1174 1149 1232 missis
1175 1173 1393 1250 interpretandi
1418 1175 1502 1233 artifi

337 1273 388 1330 ciis
412 1273 455 1330 ita
478 1273 535 1331 sibi
558 1273 705 1349 explicare
726 1272 807 1332 visus
828 1275 937 1347 estut,
961 1271 1100 1346 quoniam
1120 1272 1280 1347 participia
1299 1292 1365 1330 curn
1384 1272 1511 1331 articul

335 1365 368 1430 τό
392 1373 551 1430 coniuncta
575 1391 627 1446 pre
652 1371 851 1430 substantivis
875 1368 1046 1430 verbalibus
1068 1368 1189 1428 Graecis
1212 1370 1350 1437 fuissent,
1374 1371 1460 1430 velut
1483 1393 1511 1429 τι

337 1465 390 1546 μέν
418 1462 515 1540 δεδιὸς
544 1514 551 1527 .
575 1517 581 1528 .
606 1516 613 1529 .
643 1463 736 1541 τὸδὲ
764 1470 901 1545 θαρσοῦν
928 1468 942 1524 Ι
973 1469 1023 1540 36,
1055 1469 1082 1539 1,
1109 1460 1140 1526 τὸ
1170 1463 1311 1545 μέλλονΙ
1341 1469 1391 1540 84,
1422 1471 1451 1541 1,
1482 1491 1510 1526 τι

335 1561 518 1645 βουλόμενον
545 1569 560 1625 Ι
591 1572 642 1642 90,
672 1572 700 1643 2,
728 1569 767 1651 τῷ
794 1562 945 1646 τιμωμένῳ
974 1565 1004 1621 II
1034 1567 1085 1641 63,
1115 1568 1143 1636 1,
1175 1587 1206 1623 το
1239 1557 1278 1641 μὴ
1307 1558 1379 1623 κατὰ
1407 1561 1511 1642 κράτο

336 1661 461 1742 τιμηθέν
485 1667 515 1724 II
539 1669 591 1740 87,
615 1669 634 1724 3
665 1684 799 1741 quaeque
828 1667 898 1722 sunt
927 1664 1049 1740 similia,
1078 1664 1116 1721 ab
1140 1664 1186 1721 his
1211 1663 1353 1737 exemplis
1376 1664 1431 1722 illa
1455 1685 1510 1725 nc

337 1764 456 1822 differre
471 1764 583 1822 diceret
599 1763 657 1822 nisi
677 1763 756 1838 quod
774 1761 931 1837 participia
951 1761 1082 1819 neutrali
1100 1762 1195 1820 forma
1215 1763 1308 1820 exuta·
1323 1763 1511 1823 attracticni

336 1863 464 1939 quedam
497 1880 607 1938 genere
640 1861 897 1920 substantivorum
930 1880 1054 1919 sucrum
1086 1879 1181 1935 genus
1220 1879 1378 1919 numerum
1410 1881 1509 1922 casu..

336 1963 541 2037 sequerentur.
598 1959 713 2018 Similia
747 1959 786 2017 ad
817 1959 893 2017 hanc
927 1960 1110 2018 structuram
1142 1957 1186 2014 IV
1220 1961 1269 2031 63,
1296 1961 1323 2016 1.
1363 1959 1390 2014 V
1422 1964 1451 2033 7,
1486 1948 1505 2020 2

337 2059 410 2117 VIII
435 2061 507 2131 105,
529 2061 547 2117 2
573 2059 789 2116 defendendam
813 2058 1047 2117 comminiscitur
1071 2056 1231 2116 Classenus
1255 2057 1285 2113 in
1309 2058 1327 2114 l.
1349 2057 1393 2113 IV
1417 2059 1464 2119 ed.

335 2179 364 2232 p.
391 2159 452 2216 228
466 2176 527 2232 sqq.
565 2156 623 2214 Sed
647 2155 720 2214 alibi
744 2157 794 2215 ubi
818 2157 892 2214 talia
915 2157 1074 2232 participia
1097 2174 1163 2213 cum
1188 2154 1386 2215 substantivis
1409 2156 1508 2217 iunct

337 2255 528 2332 Thucydides
557 2256 649 2313 habet
671 2256 897 2331 grammaticam
927 2255 1073 2313 rationem
1102 2271 1225 2312 servans
1254 2255 1306 2311 aut
1337 2273 1395 2313 nen
1428 2258 1511 2330 peni

336 2354 494 2410 articulum
524 2354 578 2409 aut
604 2351 718 2426 pariter
746 2355 836 2427 atque
864 2352 1055 2428 participium
1084 2352 1122 2409 ad
1152 2351 1372 2410 substantivum
1398 2371 1501 2412 aecem

337 2451 447 2508 modat.
494 2448 537 2507 cf.
568 2450 645 2507 enim
674 2452 795 2525 praeter
818 2451 848 2507 ΙΙ
873 2453 923 2524 49,
949 2452 967 2507 4
996 2442 1064 2526 μετὰ
1092 2451 1181 2507 ταῦτα
1209 2443 1387 2526 λωφήσαντα
1416 2455 1448 2509 et
1472 2452 1498 2508 V

338 2552 366 2623 3,
388 2540 500 2629 3μειά
520 2540 716 2625 Συρακούσας
740 2546 919 2618 οίιιισθείσας
939 2548 952 2604 Ι
974 2551 1024 2622 23,
1047 2551 1065 2606 6
1090 2541 1158 2618 τοὺς
1178 2541 1360 2624 Ἀθηναίους
1383 2541 1511 2627 ἡγοῦμα

338 2640 482 2725 μεγάλους
514 2641 706 2724 γιγνομένους
737 2643 786 2704 καί
824 2640 922 2724 φόβον
958 2643 1137 2725 παρέχοντας
1173 2650 1232 2716 τοῖς
1263 2645 1511 2723 Λακεδαιμονίοι

218 2797 221 2799 ,
337 2735 502 2822 ἀναγκάσαι
531 2741 560 2815 ἐς
587 2736 619 2802 τὸ
642 2747 793 2820 πολεμεῖν,
822 2745 866 2801 III
892 2747 942 2818 36,
967 2748 984 2803 2
1010 2737 1258 2822 προσξυνεβάλετο
1282 2738 1337 2804 οὐκ
1360 2738 1493 2823 έλάχιστο

336 2844 387 2918 τῆς
411 2833 502 2918 ὁρμῆς
522 2840 556 2898 αί
571 2840 823 2917 Πελοποννησίων
846 2844 914 2919 νῆες
938 2841 967 2914 ἐς
992 2841 1102 2901 Ιωνίαν
1125 2840 1247 2913 εἰιείνοις
1270 2839 1381 2920 βοηθοὶ
1403 2835 1497 2920 τολμη

337 2957 423 2999 σασαι
446 2938 734 3016 παρακινδυνεῦσαι,
763 2941 814 3012 53,
840 2944 858 2999 3
883 2933 899 3000 ὁ
928 2935 968 3018 μὴ
997 2938 1100 3020 ῥηθεὶς
1122 2934 1208 3019 λόγος
1230 2945 1291 3012 τοῖς
1314 2929 1367 3000 ὧδ’
1393 2939 1493 3018 έχουσι

336 3038 432 3098 αἰτίαν
455 3030 494 3096 δν
517 3030 672 3114 παράσχοι,
695 3037 739 3093 IV
762 3041 812 3115 26,
833 3040 850 3097 5
875 3037 969 3099 αἴτιον
993 3036 1025 3099 δέ
1049 3028 1088 3117 ἦν
1111 3038 1142 3098 οί
1158 3032 1392 3116 Λακεδαιμόνιοι
1414 3061 1501 3118 προει

335 3131 450 3213 πάντες,
475 3140 526 3211 29,
549 3138 567 3194 3
592 3130 695 3214 ῥώμην
718 3133 766 3195 καί
789 3129 808 3214 ίγ
833 3140 922 3215 νῆσος
946 3136 1148 3218 ἕμπρησθεῖσα
1170 3133 1303 3217 παρέσχε,
1325 3134 1378 3212 47,
1399 3141 1417 3196 2
1442 3133 1511 3199 τοὺ

335 3231 448 3314 ίίνδρας
477 3281 482 3293 .
508 3280 514 3293 .
539 3279 545 3293 .
574 3226 625 3293 ὑπ’
655 3227 752 3292 άλλων
784 3232 979 3313 κομισθέντας
1007 3283 1014 3295 .
1039 3282 1045 3293 .
1070 3282 1076 3294 .
1108 3229 1162 3313 τὴν
1193 3228 1280 3312 τιμὴν
1312 3240 1373 3307 τοῖς
1404 3230 1511 3315 ι’ίγουσ

336 3336 548 3410 προσποιησαι,
582 3332 625 3389 VI
654 3334 705 3406 80,
735 3335 753 3390 2
787 3332 814 3392 εί
839 3327 895 3412 γάρ
924 3326 963 3392 δι’
993 3327 1069 3410 ὑμᾶς
1097 3326 1136 3410 μὴ
1165 3327 1409 3411 ξυμμαχήσαντας
1437 3327 1456 3394 δ’
1483 3360 1511 3395 v:

336 3422 446 3488 παθὼν
479 3423 657 3506 σφαλήσειαι
689 3426 737 3487 καί
769 3421 784 3488 ὁ
812 3431 927 3507 κρατῶν
955 3427 1113 3509 περιέσται,
1146 3432 1222 3489 VIII
1251 3435 1279 3508 9,
1308 3434 1326 3490 3
1355 3430 1449 3491 αἴτιον
1479 3428 1510 3492 δ’

337 3523 447 3605 ἐγένετο
472 3573 478 3585 .
503 3571 509 3585 .
534 3571 541 3585 .
570 3527 601 3586 οἱ
626 3524 680 3606 μέν
707 3525 809 3588 πολλοὶ
836 3530 895 3587 τῶν
924 3529 1007 3589 Χίων
1035 3523 1089 3589 οὖν
1117 3525 1223 3601 εἰδότες
1250 3523 1284 3587 τά
1312 3524 1503 3608 πρασσόμενα

338 3625 499 3683 secundum
532 3645 658 3701 querum
691 3628 893 3703 exemplorum
926 3628 1151 3686 similitudinem
1180 3627 1224 3684 IV
1254 3631 1309 3700 63,
1344 3632 1359 3685 1
1396 3621 1445 3686 διδι
1479 3653 1495 3688 ι

336 3717 513 3802 άτέιιμαρτον
542 3721 608 3796 δέος
635 3722 684 3783 καὶ
712 3718 761 3784 διὰ
791 3719 860 3796 τοδς
884 3718 1066 3801 Ἀθηναίους
1093 3719 1152 3801 ἤδη
1184 3718 1332 3802 φοβεροὺς
1363 3717 1511 3803 παρόντα

337 3823 467 3882 scribere
490 3823 612 3898 licebat,
637 3843 704 3881 cum
727 3822 753 3878 V
779 3827 806 3898 7,
831 3825 859 3882 2.
890 3822 965 3880 VIII
991 3825 1063 3897 105,
1087 3827 1104 3881 2
1131 3816 1180 3881 διὰ
1203 3817 1235 3883 τό
1258 3823 1296 3881 ad
1319 3823 1459 3898 participi
1489 3852 1505 3878 u

336 3921 455 3979 causale
482 3920 618 3979 additum
645 3940 768 3996 prorsus
797 3940 1051 3997 supervacaneum
1077 3924 1158 3980 esset
1181 3924 1211 3979 et
1234 3924 1338 3980 contra
1361 3921 1505 3997 reliquu

337 4019 399 4077 eius
422 4019 574 4094 participii
597 4038 693 4078 usum.
739 4018 797 4078 Sed
820 4020 891 4077 licet
913 4038 932 4077 a
955 4022 1098 4079 consueta
1120 4019 1235 4076 dicendi
1264 4038 1369 4077 norma
1391 4020 1435 4078 ita
1459 4022 1497 4080 de

335 4116 423 4174 ficere
446 4116 543 4190 ipsum
567 4136 628 4176 ncn
651 4118 896 4176 alienumvfuerit
919 4137 937 4176 a
960 4117 1067 4202 Graeci
1090 4117 1234 4176 sermonis
1264 4117 1374 4191 indole,
1403 4120 1438 4175 ut
1463 4121 1503 4180 vi

336 4231 369 4269 ac
401 4213 517 4270 ratione
548 4214 741 4288 procedatur,
776 4215 950 4290 priusquam
980 4216 1106 4275 alicuius
1141 4215 1329 4274 enormitatIs
1362 4217 1510 4277 rationem

295 4319 299 4326 '
334 4308 526 4384 indagemus,
554 4317 642 4370 antea
670 4312 829 4371 videndum
858 4316 904 4372 est
932 4316 1032 4371 utrum
1059 4314 1132 4371 hacc
1161 4332 1266 4371 revera
1295 4314 1445 4372 exstiterit
1477 4344 1505 4368 ,ι

336 4427 411 4483 quae
436 4406 500 4463 eius
524 4412 661 4486 exempla
685 4430 750 4470 esse
774 4411 913 4470 videntur
936 4410 974 4468 ad
997 4429 1184 4468 communem
1212 4406 1329 4470 dicendi
1352 4416 1501 4473 consuetu

388 4606 498 4650 A
