3022 4936
573 346 792 410 ,63-

95 537 145 586 αις
167 514 303 589 exempla
326 512 531 584 inveniuntur,
560 510 638 585 apud
662 511 793 585 tragicos
817 510 875 570 duo
899 511 1062 587 Euripiden
1086 503 1170 591 (nam
1194 511 1270 573 Med.

99 615 184 671 1109
205 630 301 686 neque
319 611 350 669 in
369 610 503 670 diverbio
523 612 569 667 est
588 611 619 665 et
638 608 680 665 ibi
699 607 834 666 Prinzius
853 611 935 668 recte
953 610 1132 685 scripturam
1150 602 1273 686 κυρήσει

95 701 270 788 praetulit),
303 727 379 785 quae
412 707 555 766 facillimo
588 705 710 782 negotio
741 706 851 783 corrigi
883 711 994 784 queant
1027 700 1162 788 (legatur
1193 707 1272 765 enim

97 808 176 867 Med.
200 808 263 866 325
292 799 458 877 ἀναπείσεις
486 800 554 865 ποτέ
582 823 636 878 pro
665 796 704 862 dv
730 804 843 877 πείσαις
870 802 939 865 ποτέ
972 809 1002 864 et
1029 805 1095 881 Iph.
1124 805 1157 863 Τ.
1188 806 1273 863 1184

98 901 196 986 σώσῃς
227 924 281 982 pro
316 897 452 984 σοι’σαις),
489 904 569 980 apud
601 902 835 978 Aristophanem
869 907 1012 979 quattuor
1045 922 1121 979 quae
1154 903 1273 978 quidem

97 1003 245 1063 removeri
272 1005 434 1078 nequeant,
463 1021 589 1076 quornm
618 1003 676 1059 dno
705 996 808 1077 (Vesp.
833 1004 906 1063 572.
937 997 1014 1081 726)
1043 1002 1074 1060 in
1102 1003 1274 1076 anapaestis

98 1105 171 1160 sunt
193 1120 287 1176 eaque
310 1120 342 1158 re
367 1101 587 1159 excusationem
607 1099 721 1157 habent
743 1091 794 1177 (cf.
815 1099 952 1159 Rutherf.
971 1101 1009 1157 ad
1028 1098 1139 1174 Phryn.
1158 1118 1187 1173 p.
1207 1090 1274 1177 51),

98 1200 158 1257 duo
180 1200 213 1256 in
235 1199 324 1257 Pluto
348 1198 452 1256 fabula
476 1192 585 1276 (1036.
612 1188 721 1275 1134).
768 1195 812 1256 Cf.
837 1197 973 1256 Rutherf.
997 1197 1015 1256 l.
1041 1197 1060 1254 l.
1082 1216 1110 1270 p.
1136 1197 1273 1270 423sqq.

98 1297 206 1371 Itaque
229 1314 289 1354 non
313 1297 410 1354 solum
432 1294 479 1353 ΙΙΙ
503 1296 554 1371 49,
579 1296 598 1352 3
623 1282 775 1368 φθάσειαν
798 1313 852 1369 pro
881 1288 1033 1369 φθάσαιεν
1056 1297 1086 1352 et
1109 1293 1137 1351 V
1163 1280 1271 1364 111,1

99 1394 252 1472 νομίσειαν
273 1413 328 1469 pro
352 1393 512 1472 νομίσαιεν,
536 1391 589 1450 sed
613 1393 702 1450 etiam
722 1391 753 1449 II
773 1394 824 1466 49,
845 1393 863 1450 3
889 1391 1045 1470 στηρίξειεν
1068 1410 1122 1466 pro
1147 1391 1276 1468 στηρίξαι

100 1496 132 1551 et
154 1492 184 1550 Π
209 1494 260 1568 84,
284 1495 302 1550 2
333 1485 518 1551 ἐκπνεύσειεν
540 1509 594 1565 pro
618 1483 775 1549 ἕνπνεύσαι
803 1491 974 1566 reponenda
1002 1493 1084 1565 sunt;
1112 1489 1156 1546 IV
1172 1474 1230 1563 02,
1256 1492 1273 1548 2

100 1592 216 1662 autem,
249 1590 300 1664 qui
331 1591 413 1649 locus
447 1571 538 1648 etiam
570 1588 629 1645 alio
662 1587 735 1647 vitio
769 1592 927 1664 corruptus
960 1592 1019 1663 est,
1056 1588 1277 1648 Herwerdenus

101 1686 269 1746 certissima
297 1688 503 1747 emendatione
530 1686 694 1745 infinitivos
723 1688 835 1745 παῦσαι
859 1691 890 1745 et
913 1686 1110 1758 ξυνδιασῶσαι
1133 1687 1277 1746 restituit.

102 1785 311 1843 Macedonicae
343 1787 451 1844 aetatis
482 1804 548 1845 esse
578 1784 823 1858 imperativorum
851 1786 962 1843 fmmas
991 1786 1022 1842 in
1050 1801 1132 1843 ωσαν
1158 1788 1278 1845 'veteres

102 1881 223 1940 Atticae
250 1880 459 1956 inscriptiones
489 1875 538 1961 (cf.
564 1881 718 1940 Meisterh.
741 1880 761 1957 ξ
786 1884 837 1960 39,
863 1874 896 1962 7)
926 1887 957 1942 et
983 1888 1139 1958 poctarum
1169 1884 1279 1942 scaeni-

103 1999 206 2039 corum
230 1999 326 2038 sermo
347 1999 405 2039 uno
425 1998 571 2038 consensu
590 1979 743 2037 affirmant
762 1973 847 2057 (Eur.
867 1979 932 2055 Iph.
953 1981 984 2039 Τ.
1007 1983 1093 2039 1480
1113 1980 1209 2040 facilis
1233 1985 1280 2038 est

104 2077 272 2137 emendatio
301 2076 341 2149 εἰς
366 2071 426 2155 ,σὴν
454 2070 560 2136 ἰόντων
589 2095 643 2150 pro
672 2074 780 2135 ἴτωσαν
808 2077 849 2148 εἰς
877 2069 957 2158 σὴν).
1009 2077 1106 2146 Quare
1134 2078 1149 2135 Ι
1178 2080 1230 2153 34,
1261 2082 1276 2135 1

104 2166 275 2253 μαθόντων,
299 2174 345 2233 III
366 2178 416 2251 39,
437 2178 454 2234 6
476 2170 692 2247 κολασθέντων,
715 2174 762 2232 III
783 2177 833 2251 67,
854 2178 871 2233 2
897 2169 1099 2251 ὥφελείσθων,
1124 2175 1168 2232 IV
1189 2179 1239 2251 92,
1261 2178 1277 2234 7

103 2267 244 2331 ιιτᾶσθων
276 2272 396 2332 restitui
424 2273 526 2348 debet,
559 2291 614 2347 pro
638 2268 779 2346 ἔστωσαν,
809 2273 887 2348 quod
911 2271 984 2329 VIII
1011 2274 1059 2345 18,
1086 2273 1105 2330 3
1134 2273 1278 2330 traditum

105 2374 165 2444 est,
192 2371 224 2429 in
249 2370 358 2430 Atticis
389 2370 510 2446 quidem
537 2370 635 2429 titulis
665 2373 711 2430 est
738 2365 834 2431 ὅντων
862 2366 1028 2449 (Meisterh.
1057 2369 1077 2446 ἓ
1101 2373 1153 2443 42,
1183 2373 1211 2446 2,
1236 2363 1280 2450 2),

106 2468 158 2527 sed
186 2487 253 2527 cum
279 2468 348 2527 inde
378 2469 491 2528 factum
520 2485 585 2526 esse
615 2463 744 2527 ἔστωσαν
771 2469 869 2527 minus
897 2469 961 2528 veri
990 2469 1030 2527 sit
1054 2468 1161 2542 simile,
1191 2466 1281 2527 ἔστων

106 2565 329 2624 rescribendum
354 2586 419 2627 esse
438 2569 588 2642 putamus,
613 2567 691 2641 quod
714 2585 810 2641 neque
830 2567 949 2625 omnino
968 2565 1006 2623 ab
1025 2566 1195 2624 Atticorum
1214 2585 1280 2624 oon·

107 2664 266 2722 suetudine
298 2665 418 2724 videtur
449 2664 581 2723 alienum
612 2662 706 2722 fnisse
738 2659 788 2743 (cf.
821 2664 898 2724 Plat.
931 2664 1003 2739 Rep.
1036 2664 1099 2722 502
1132 2684 1157 2723 a.
1188 2664 1281 2740 Legg.

109 2760 172 2819 759
188 2754 219 2840 e)
239 2764 278 2837 et,
298 2762 459 2836 siluisset,
482 2762 513 2820 in
531 2760 652 2818 foedere
670 2760 972 2820 Lacedaemoniorum
994 2779 1061 2819 cum
1081 2760 1281 2836 Tissapherne

108 2859 233 2918 eandem
261 2859 480 2918 excusationem
508 2858 634 2917 haberet
662 2861 751 2934 atque
780 2852 819 2936 ἤν
844 2863 875 2918 et
898 2852 982 2936 ἐπήν.
1029 2859 1279 2917 Terminationem

107 2958 259 3031 Doricam,
298 2977 388 3032 quam
419 2957 515 3016 Attici
552 2959 723 3016 constanter
759 2958 962 3016 adhibuerunt
993 2957 1095 3015 futuro
1127 2958 1281 3034 πεσοῦμαι,

107 3056 215 3130 poetae
246 3054 373 3112 scaenici
400 3054 452 3111 uhi
480 3056 610 3111 metrum
637 3054 811 3130 postulabat
834 3055 924 3113 etiam
947 3054 979 3111 in
1002 3052 1169 3131 φεοξοῦμαι
1198 3046 1283 3132 (Eur.

109 3151 187 3210 Med.
212 3152 285 3209 338.
309 3152 384 3211 341.
408 3153 480 3211 346,
504 3151 571 3208 Hel.
592 3152 664 3210 500.
691 3154 785 3213 1041.
809 3153 901 3211 Arist.
920 3151 992 3210 Aah.
1015 3154 1110 3210 1129.
1132 3151 1188 3210 Av.
1210 3153 1282 3209 932.

108 3249 187 3307 Nub.
212 3249 285 3307 443.
308 3246 385 3306 Plut.
411 3250 483 3308 447.
509 3241 589 3326 496)
617 3251 648 3307 et
670 3252 855 3326 πνεοσοῦμαι
879 3242 986 3328 (Arist.
1010 3249 1084 3307 Ran.
1110 3239 1210 3327 1221)
1234 3248 1284 3305 ad-

110 3348 256 3406 miserunt
288 3337 452 3426 (peculiare
485 3347 564 3405 enim
596 3348 642 3405 est
673 3349 855 3426 κλαυσοῦμαι
884 3349 916 3406 in
943 3346 1123 3406 hexametris
1153 3346 1283 3422 positum

110 3445 204 3506 Arist
226 3444 294 3503 Pac.
315 3437 426 3523 1081),
450 3463 546 3519 neque
569 3444 755 3520 intellegitur
778 3466 831 3505 cur
853 3445 933 3522 quod
955 3446 986 3503 in
1010 3444 1078 3502 aliis
1101 3443 1201 3503 verbis
1225 3462 1285 3501 non

112 3544 248 3601 fecerunt
273 3543 305 3600 in
332 3542 379 3600 his
407 3542 465 3600 sibi
494 3543 706 3615 concesserint,
733 3542 792 3601 nisi
819 3561 872 3618 per
899 3543 993 3618 ipsius
1016 3541 1111 3601 Attici
1140 3541 1285 3600 sermonis

111 3659 201 3697 usum
224 3637 255 3695 id
277 3634 420 3697 licuisset.
458 3638 543 3708 Quod
562 3639 587 3698 si
610 3640 653 3698 ita
676 3643 731 3717 est,
753 3659 791 3699 ne
815 3641 870 3701 hoc
894 3641 1013 3717 quidem
1036 3640 1157 3700 videtur
1180 3639 1285 3714 negari

112 3755 210 3812 posse,
233 3735 312 3793 idem
332 3736 364 3793 in
387 3736 478 3795 verbo
501 3740 585 3795 πλεῖν
607 3737 721 3795 factum
742 3757 815 3815 esse,
838 3740 923 3799 cuius
946 3740 1082 3797 futurum
1104 3738 1286 3813 πλευσοῦμαι

113 3833 193 3909 apud
230 3832 283 3892 Th.
316 3832 543 3908 Xenophontem
580 3833 813 3895 Demosthenem
850 3834 1012 3895 identidem
1049 3833 1194 3893 traditum
1232 3837 1287 3894 est.

113 3932 275 3991 Poetarum
309 3931 510 3990 scaenicorum
540 3949 597 3989 usu
628 3931 660 3988 in
691 3931 747 3989 hoc
779 3935 870 3992 verbo
898 3933 973 3991 nihil
1004 3931 1186 4005 decernitur,
1219 3951 1286 3990 cum

115 4029 257 4104 simplicis
285 4028 368 4087 nulla
395 4028 475 4104 apud
503 4047 553 4087 eos
581 4028 716 4102 exempla
744 4030 874 4103 exstent,
908 4029 1064 4105 compositi
1094 4048 1186 4087 unum
1214 4046 1287 4106 σομ-

114 4117 275 4204 πλεύσομαι
288 4128 360 4186 Eur.
374 4127 442 4186 Hel.
459 4128 553 4202 1067,
573 4128 658 4187 cuius
678 4127 775 4185 forma
789 4126 897 4186 Dorica
917 4125 1036 4184 omnino
1055 4128 1139 4184 extra
1157 4128 1287 4184 metrum

115 4225 223 4302 tragici
256 4225 368 4302 dialogi
401 4229 455 4285 est.
506 4224 614 4308 Itaque
640 4223 768 4282 nimium
796 4224 917 4284 videtur
944 4223 1121 4283 contendere
1149 4224 1288 4284 Rutherf.

115 4325 135 4383 l.
159 4325 178 4382 l.
201 4344 229 4399 p.
254 4325 305 4382 93.
351 4321 539 4399 Optimorum
568 4323 649 4382 codd.
678 4321 858 4381 auctoritate
886 4321 1131 4381 commendantur
1160 4323 1289 4396 optativi

117 4423 155 4481 ad
178 4419 403 4481 similitudinem
426 4423 586 4484 verborum
610 4423 831 4480 contractorum
854 4420 977 4480 formati
1004 4415 1199 4497 ἕπνθοίμεθα,
1227 4416 1287 4478 ἐπι-

1395 4508 1444 4645 Ι
