3022 4936
719 320 933 383 ..54-

238 485 392 543 Aeolicum
421 481 600 556 vocabatur,
629 485 708 560 quod
735 486 765 543 In
788 484 905 544 Troade
929 486 1021 545 situm
1044 480 1124 566 erat)
1153 487 1226 545 item
1250 487 1281 545 in
1304 486 1412 547 GIAI

239 576 289 661 (cf.
312 574 389 663 ind.)
417 584 447 641 in
476 606 494 660 η
521 586 616 642 exeat.
662 583 787 643 Praeter
810 579 919 661 βορέαν
943 584 1121 642 servandum
1145 601 1210 642 esse
1232 584 1345 662 βορρᾶν
1368 585 1413 644 VI

239 684 306 756 2‚5
331 681 481 759 βορρᾶθεν
501 680 567 740 CIA
587 682 617 739 II
638 683 710 741 600.
736 684 808 742 777.
834 684 895 741 781
925 682 1139 741 demonstrant.
1186 680 1229 740 Of.
1253 683 1413 762 Βορραίαις

238 773 344 850 πύλαις
363 779 471 838 Aesch.
492 777 572 854 Sept.
593 780 656 839 527
677 772 861 857 (coniectura
878 800 985 856 parum
1004 782 1087 839 certa
1105 780 1215 857 βορρᾶς
1232 800 1286 855 pro
1305 779 1413 859 βορέας

240 878 380 937 scribitur
407 877 438 935 in
461 877 533 935 Eur.
558 874 639 952 Cycl.
664 867 752 956 329).
798 874 873 935 Oum
900 863 983 938 codd.
1010 877 1130 937 varient
1157 875 1249 954 δίψης
1277 877 1352 959 δίψῃ
1381 884 1413 939 et

239 975 348 1052 δίψους
377 974 473 1051 δίψει,
501 975 569 1033 illas
600 975 711 1033 formas
734 977 769 1032 ut
795 976 979 1052 antiquiores
1012 968 1063 1057 (cf.
1090 975 1197 1035 Aesch.
1225 975 1307 1038 Pers.
1336 979 1411 1040 484.

240 1076 313 1133 491.
345 1073 439 1132 Arist.
468 1073 543 1148 Equ.
568 1063 647 1153 534)
674 1073 884 1147 praeferendas
912 1092 978 1132 esse
1005 1076 1154 1148 putemus.
1200 1073 1236 1131 In
1262 1075 1412 1149 genetiuis

239 1171 392 1230 nominum
410 1172 600 1246 propriorum
618 1169 795 1229 Doricorum
815 1171 847 1230 in
870 1193 905 1242 ας
929 1171 1101 1230 exeuntium
1120 1170 1175 1230 Th.
1197 1190 1412 1248 nonnunquam

238 1269 478 1329 terminationem
505 1268 647 1327 Doricam
675 1290 694 1326 α
721 1268 825 1345 habet,
853 1270 905 1328 sed
933 1269 1054 1328 minime
1081 1269 1113 1328 in
1145 1270 1295 1343 omnibus,
1327 1271 1413 1330 velut

240 1386 392 1442 nunquam
415 1368 446 1426 in
464 1365 652 1441 Παυσανίας,
674 1366 822 1444 Βρασίδας
844 1359 991 1447 (Βρασίδα
1013 1367 1044 1425 in
1067 1366 1268 1427 deterioribus
1291 1369 1412 1427 tantum

238 1466 324 1523 libris
348 1465 394 1524 bis
418 1457 525 1546 terve),
549 1462 715 1538 Λεωνίδας,
739 1467 792 1523 aut
815 1464 952 1524 omnibus
970 1465 1043 1522 locis
1063 1456 1226 1544 (Κλεαρίδα
1244 1464 1413 1543 Κλεαρίδον

239 1563 266 1620 V
292 1565 342 1639 10,
368 1567 395 1621 1.
421 1554 486 1643 12).
533 1561 643 1619 Similis
668 1561 869 1636 discrepantia
891 1563 970 1621 inter
993 1556 1185 1640 Ξενοκλείδης
1208 1565 1239 1621 et
1261 1557 1413 1627 Ξενοκλεί-

240 1659 296 1718 δαν
319 1660 334 1717 Ι
358 1662 409 1734 46,
434 1663 462 1719 2,
490 1658 537 1716 III
563 1661 634 1732 114,
659 1661 688 1716 4.
734 1659 877 1719 Eiusdem
899 1660 1032 1737 genetivi
1055 1661 1226 1720 terminatio
1250 1660 1352 1720 Ionica
1375 1682 1414 1721 εοι

238 1758 269 1816 in
295 1751 395 1836 Τήρεω
420 1760 450 1816 et
472 1749 585 1815 Πύθεω
610 1757 640 1814 ΙΙ
665 1759 715 1833 29,
742 1761 768 1817 1.
798 1760 848 1832 95,
875 1763 908 1836 1,
937 1777 1064 1834 quocum
1088 1758 1124 1817 cf.
1149 1778 1185 1817 ex
1208 1758 1298 1818 tertia
1323 1758 1414 1818 decli-

238 1855 359 1914 natione
383 1848 522 1931 Ἀφύτιος
550 1854 565 1912 Ι
598 1857 648 1931 64,
680 1857 707 1928 2,
739 1849 865 1928 Γοᾶξιος
887 1856 930 1913 Ι7
956 1860 1028 1930 107,
1052 1860 1081 1925 3,
1110 1855 1233 1928 Κνίδιος
1255 1855 1284 1914 V
1308 1859 1360 1933 51,
1386 1861 1414 1920 2.

239 1951 335 2021 Quam
362 1952 563 2012 Athenienses
592 1953 683 2012 etiam
710 1955 876 2028 posteriore
907 1957 1041 2030 tempore
1069 1955 1101 2013 in
1127 1953 1240 2013 talibus
1268 1955 1326 2014 sibi
1353 1976 1414 2016 non

239 2050 428 2110 constiterint
453 2051 628 2109 documento
653 2053 700 2110 est
724 2050 792 2110 ΟΙΑ
815 2051 845 2109 ΙΙ
870 2053 942 2126 966,
972 2054 1022 2112 26.
1045 2053 1098 2128 47,
1128 2051 1180 2110 ubi
1202 2052 1361 2114 Λεωνίδου
1385 2058 1417 2114 et

134 2190 136 2195 .
239 2141 405 2207 Μνασιᾶδα
430 2143 548 2226 (contra
570 2142 755 2209 Μνασιοίδον
778 2149 849 2208 ibid.
875 2151 947 2226 967,
971 2144 1029 2228 46)
1053 2153 1109 2209 est.
1150 2149 1236 2208 Talia
1258 2149 1353 2226 igitur
1377 2151 1416 2209 ad

123 2272 135 2291 ·
239 2246 364 2307 eandem
391 2265 527 2305 normam
554 2247 690 2322 redigere
718 2266 779 2306 non
809 2247 880 2306 licet
908 2249 939 2306 et
971 2248 1122 2324 sequenda
1154 2248 1201 2307 est
1233 2248 1416 2324 optimorum

238 2346 384 2405 librorum
412 2345 583 2402 auctoritas.
631 2345 673 2403 Ut
699 2346 794 2420 igitur
817 2346 871 2404 Th.
900 2346 1034 2404 nomina·
1047 2345 1158 2404 Dorica
1180 2346 1281 2406 Attice
1308 2347 1415 2406 termi-

238 2443 336 2516 navit,
363 2443 407 2500 ita
433 2459 471 2499 ne
499 2441 681 2500 contrarium
709 2442 828 2518 quidem
856 2443 1028 2518 negandum
1056 2462 1120 2503 esse
1149 2444 1269 2503 videtur
1291 2463 1360 2503 eum
1384 2446 1416 2504 in

236 2533 385 2618 Ἰθωμήτο
407 2538 422 2597 Ι
448 2541 557 2615 103,1
584 2539 681 2598 facere
704 2541 849 2615 potuisse,
872 2541 1050 2616 praesertim
1073 2560 1139 2600 cum
1163 2560 1286 2617 prorsus
1309 2543 1416 2603 eadem

239 2640 316 2698 ratio
345 2639 385 2696 sit
412 2637 566 2696 nominum
588 2628 807 2717 Ἡρησιττιτίδας
834 2639 862 2696 V
891 2641 942 2717 52,
972 2642 988 2696 1
1021 2642 1052 2698 et
1079 2632 1275 2717 Κνδωνιήτας
1304 2639 1372 2699 CIA
1400 2643 1415 2701 I

239 2740 314 2812 403,
344 2737 422 2812 quod
450 2737 600 2810 posterius
628 2736 774 2811 lapicidae
802 2738 896 2795 errori
924 2736 1117 2796 tribuendum
1141 2757 1206 2798 esse
1229 2738 1415 2798 Xirchhoffio

239 2853 299 2893 non
318 2833 475 2909 credimus,
497 2852 565 2893 cum
583 2834 614 2892 in
633 2833 763 2909 antiquis
782 2835 880 2893 titulis
900 2835 1010 2895 Atticis
1028 2835 1201 2895 terminatio
1221 2829 1303 2913 νήτης
1322 2837 1416 2896 etiam

239 2933 268 2990 in
283 2932 452 2990 nomInibus
466 2949 525 2989 non
539 2931 657 3010 Ionicis,
676 2933 759 2992 velut
778 2931 938 3010 Κεδριῆται
952 2922 1004 3013 (cf.
1018 2933 1078 2992 ind.
1093 2932 1162 2992 CIA
1175 2927 1215 3014 Ι),
1233 2934 1415 2994 inueniatur.

328 3030 357 3087 V
381 3032 432 3103 66,
456 3032 474 3089 3
499 3023 712 3108 ἐνωμοτίρχοις
734 3049 788 3106 pro
813 3024 1028 3108 ἕνωμοτᾶρχαις
1052 3030 1240 3090 scribendum
1265 3034 1319 3104 est,
1345 3051 1415 3091 cum

238 3148 395 3188 munerum
418 3127 596 3186 militarium
618 3112 739 3188 nomina
762 3129 862 3187 omnia
884 3129 915 3186 in
939 3149 1038 3206 -αρχος
1061 3132 1169 3188 exeant
1190 3122 1240 3207 (cf.
1259 3129 1415 3190 Meisterh.

239 3225 329 3302 827,
355 3218 398 3305 9).
444 3224 502 3282 Sed
530 3224 646 3283 fallitur
669 3225 887 3286 Herwerdenus
916 3244 984 3285 cum
1008 3227 1111 3286 eodem
1133 3229 1221 3286 modo
1245 3247 1299 3302 pro
1322 3227 1415 3306 βοιω-

238 3317 355 3401 τᾶρχαις
378 3324 410 3380 et
428 3314 604 3400 βοιοοτᾶρχαι
623 3322 650 3379 V
671 3325 721 3383 37.
741 3326 782 3382 38
806 3318 996 3402 βοιωτᾶρχοις
1015 3326 1047 3384 et
1065 3317 1238 3403 βοιώταρχοι
1260 3325 1415 3402 corrigere

239 3421 313 3480 vult.
360 3418 404 3478 Of.
433 3413 573 3497 μερᾶρχαι
601 3418 668 3477 ΟΙΑ
696 3419 727 3478 ΙΙ
752 3423 829 3498 580,
857 3417 981 3502 ίαρᾶρχη
1007 3447 1048 3469 --
1071 3416 1203 3500 ίερᾶρχαι
1232 3422 1277 3482 OS
1300 3422 1316 3481 I
1339 3426 1416 3492 497,

239 3520 313 3577 498.
338 3519 411 3593 499,
434 3517 632 3576 boeotarchae
656 3517 721 3578 Liv.
743 3517 828 3575 XLII
852 3521 903 3593 43,
929 3522 957 3595 7,
985 3521 1185 3579 boeotarchen
1208 3521 1338 3581 XXXIII
1363 3525 1416 3602 27,

240 3620 269 3695 8,
292 3608 477 3693 βοιωτᾶρχην
501 3613 655 3674 011738.
691 3614 750 3673 Pro
771 3607 910 3690 Ὀιτιιιοᾶς
933 3617 976 3676 VI
1000 3621 1029 3693 2,
1052 3620 1073 3676 4
1097 3618 1168 3676 boni
1191 3618 1273 3678 codd.
1288 3612 1417 3692 ’Ὀπικας

239 3715 289 3775 rel
301 3708 432 3790 ’Όπηνας
450 3713 571 3772 habent.
601 3711 658 3771 Sed
678 3716 849 3788 quanquam
869 3715 974 3774 similis
994 3719 1041 3774 est
1060 3716 1266 3775 declinationis
1284 3717 1417 3777 variatio

238 3815 270 3872 in
293 3806 424 3883 Ἧδῶνες
449 3804 589 3887 Ἠδωνοί,
617 3813 718 3869 tamen
746 3811 784 3869 ab
812 3811 937 3872 Aristot.
963 3813 1059 3872 Strab.
1084 3812 1207 3889 Dionys.
1231 3812 1301 3872 Hal.
1324 3813 1416 3875 Paus.

240 3910 342 3985 Steph.
362 3910 431 3985 Byr.
451 3912 514 3968 tam
533 3910 705 3967 constanter
725 3897 840 3970 Ὀτιικοί
862 3911 1055 3969 nominantur
1077 3914 1112 3970 ut
1135 3910 1261 3970 eandem
1283 3912 1417 3974 nominis

238 4009 365 4067 formam
391 4007 445 4065 Th.
473 4007 607 4067 tribuere
635 4025 787 4082 cogamur.
833 4009 980 4069 Vocabuli
1006 4004 1073 4082 οἶός
1100 4010 1214 4067 formae
1242 4002 1417 4086 ἓτερόιιλιτοι

239 4104 413 4164 derivantur
439 4105 477 4163 ab
505 4090 572 4175 ίισς
600 4098 650 4181 (οι.
678 4103 722 4162 m
751 4106 801 4164 54.
833 4107 904 4167 ros.
933 4103 1007 4168 475,
1040 4106 1108 4166 em
1136 4098 1266 4187 1398).
1314 4106 1417 4177 ocare

238 4202 411 4263 reticendus
440 4221 535 4261 accus
580 4201 654 4273 νίεῖς
682 4202 726 4259 17
751 4204 801 4276 30,
827 4207 844 4262 2
876 4196 959 4286 (τοὺς
987 4204 1060 4278 νίείς
1088 4203 1155 4263 ΟΙΑ
1183 4205 1213 4262 H
1241 4205 1309 4265 add.
1335 4200 1417 4290 lb).

238 4299 343 4375 Neque
367 4300 573 4360 sollicitandus
596 4303 695 4377 genet.
717 4299 787 4360 οἱοῦ
811 4300 837 4357 7
863 4305 913 4378 16,
937 4306 966 4377 2,
994 4321 1164 4377 quanquam
1191 4303 1317 4378 reliquis
1340 4304 1417 4368 loeis

240 4389 268 4475 (Ι
295 4400 344 4472 13,
370 4400 396 4457 e.
427 4400 478 4474 ao,
502 4400 531 4457 2.
562 4401 633 4473 τοι,
659 4401 686 4456 1.
715 4397 746 4456 11
772 4400 843 4475 roo,
868 4403 896 4459 3.
922 4392 1415 4482 H126,2)Th.v603habst;
